% !Mode:: "Tex:UTF-8"
% This file was created with JabRef 2.5.
% Encoding: UTF-8
%\usepackage{hyperref}



@Inbook{flowcontrol,
  author = 	 "Dennis Abts and John Kim",
  editor =       "Mark D. Hill",
  title =        "High Performance Datacenter Networks",
  subtitle =     "Architectures, Algorithms, and Opportunities",
  series =       "Synthesis Lectures on Computer Architecture",
  year =         "2011",
  volume = 	 "14",
  address =      "",
  edition =      "1st.",
  publisher =    "Morgan and Claypool",
  doi = 	 "10.2200/S00341ED1V01Y201103CAC014",
  url = 	 "http://dx.doi.org/10.2200/S00341ED1V01Y201103CAC014",
  chapter = 	 "1.6",
  pages = 	 "7-9",
  number = 	 "",
  type = 	 "",
  month = 	 "",
  note = 	 "",
}

@article{encode8b10b,
 author = {Al X. Widmer and Peter A. Franaszek},
 title = {A DC-Balanced, Partitioned-Block, 8B/10B Transmission Code},
 journal = {IBM Journal of Research and Development},
 issue_date = {May. 1983},
 volume = {27},
 number = {5},
 month = {May},
 year = {1983},
 issn = {0018-8646},
 pages = {440-451},
 url = {http://dx.doi.org/10.1147/rd.275.0440},
 doi = {10.1147/rd.275.0440},
 publisher = {IBM},
 address = {}
}



@misc{IEEE8023_S3,
  author =       "IEEE",
  year =         "2012",
  title =        "IEEE Standard for Ethernet SECTION THREE",
  lastaccessed = "January 25, 2013",
  url =          "http://standards.ieee.org/getieee802/download/802.3-2012_section3.pdf",
  howpublished = "",
}

@misc{IEEE8023_S4,
  author =       "IEEE",
  year =         "2012",
  title =        "IEEE Standard for Ethernet SECTION FOURTH",
  lastaccessed = "January 25, 2013",
  url =          "http://standards.ieee.org/getieee802/download/802.3-2012_section4.pdf",
  howpublished = "",
}

@Inproceedings{ShenICCAD09,
  author =       "ShengYu Shen and Jianmin Zhang and Ying Qin and Sikun Li",
  title =        "Synthesizing complementary circuits automatically",
  booktitle =    "Proceedings of the 2009 International Conference on Computer-Aided Design",
  series = 	 "ICCAD '09",
  editor = 	 "",
  year =         "2009",
  publisher =    "IEEE Press",
  address = 	 "San Jose, CA, USA",
  pages =        "381--388",
  doi = 	 "10.1145/1687399.1687472",
  url = 	 "http://dx.doi.org/10.1145/1687399.1687472",
  number =	 "",
  month = 	 "",
  organization = "",
  note = 	 "",
}

@article{ShenTCAD10,
 author = {ShengYu Shen and Ying Qin and KeFei Wang and LiQuan Xiao and Jianmin Zhang and Sikun Li.},
 title = {Synthesizing Complementary Circuits Automatically},
 journal = {IEEE Transactions on Computer-Aided Design of Integrated Circuits and Systems},
 issue_date = {Aug. 2010},
 volume = {29},
 number = {8},
 month = {August},
 year = {2010},
 issn = {0278-0070},
 pages = {29:1191--29:1202},
 url = {http://doi.acm.org/10.1109/TCAD.2010.2049152},
 doi = {10.1109/TCAD.2010.2049152},
 publisher = {IEEE Press},
 address = {Piscataway, NJ, USA }
}





@article{ShenTCAD11,
 author = {ShengYu Shen and Ying Qin and LiQuan Xiao and KeFei Wang and Jianmin Zhang and Sikun Li.},
 title = {A Halting Algorithm to Determine the Existence of the Decoder},
 journal = {IEEE Transactions on Computer-Aided Design of Integrated Circuits and Systems},
 issue_date = {Oct. 2011},
 volume = {30},
 number = {10},
 month = {October},
 year = {2011},
 issn = {0278-0070},
 pages = {30:1556--30:1563},
 url = {http://doi.acm.org/10.1109/TCAD.2011.2159792},
 doi = {10.1109/TCAD.2011.2159792},
 publisher = {IEEE Press},
 address = {Piscataway, NJ, USA }
}


@Inproceedings{ShenICCAD11,
  author =       "ShengYu Shen and Ying Qin and Jianmin Zhang",
  title =        "Inferring assertion for complementary synthesis",
  booktitle =    "Proceedings of the 2011 International Conference on Computer-Aided Design",
  series = 	 "ICCAD '11",
  editor = 	 "",
  year =         "2011",
  publisher =    "IEEE Press",
  address = 	 "San Jose, CA, USA",
  pages =        "404--411",
  doi = 	 "10.1109/ICCAD.2011.6105361",
  url = 	 "http://dx.doi.org/10.1109/ICCAD.2011.6105361",
  number =	 "",
  month = 	 "",
  organization = "",
  note = 	 "",
}


@article{ShenTCAD12,
 author = {ShengYu Shen and Ying Qin and KeFei Wang and Zhengbin Pang and Jianmin Zhang and Sikun Li.},
 title = {Inferring Assertion for Complementary Synthesis},
 journal = {IEEE Transactions on Computer-Aided Design of Integrated Circuits and Systems},
 issue_date = {Aug. 2012},
 volume = {31},
 number = {8},
 month = {August},
 year = {2012},
 issn = {0278-0070},
 pages = {31:1288--31:1292},
 url = {http://doi.acm.org/10.1109/TCAD.2012.2190735},
 doi = {10.1109/TCAD.2012.2190735},
 publisher = {IEEE Press},
 address = {Piscataway, NJ, USA }
}


@Inproceedings{LiuICCAD11,
  author =       "Hsiou-Yuan Liu and Yen-Cheng Chou and Chen-Hsuan Lin and Jie-Hong R. Jiang",
  title =        "Towards completely automatic decoder synthesis",
  booktitle =    "Proceedings of the 2011 International Conference on Computer-Aided Design, ICCAD 2011",
  series = 	 "ICCAD '11",
  editor = 	 "",
  year =         "2011",
  publisher =    "IEEE Press",
  address = 	 "San Jose, CA, USA",
  pages =        "389--395",
  doi = 	 "10.1109/ICCAD.2011.6105359",
  url = 	 "http://dx.doi.org/10.1109/ICCAD.2011.6105359",
  number =	 "",
  month = 	 "",
  organization = "",
  note = 	 "",
}


@article{LiuTCAD12,
 author = {Hsiou-Yuan Liu and Yen-Cheng Chou and Chen-Hsuan Lin and Jie-Hong R. Jiang.},
 title = {Automatic Decoder Synthesis: Methods and Case Studies},
 journal = {IEEE Transactions on Computer-Aided Design of Integrated Circuits and Systems},
 issue_date = {Sep. 2012},
 volume = {31},
 number = {9},
 month = {September},
 year = {2012},
 issn = {0278-0070},
 pages = {31:1319--31:1331},
 url = {http://doi.acm.org/10.1109/TCAD.2012.2191288},
 doi = {10.1109/TCAD.2012.2191288},
 publisher = {IEEE Press},
 address = {Piscataway, NJ, USA }
}

@Inproceedings{TuDAC13,
  author =       "Kuan-Hua Tu and Jie-Hong R. Jiang",
  title =        "Synthesis of feedback decoders for initialized encoders",
  booktitle =    "Proceedings of the 50th Annual Design Automation Conference, DAC 2013",
  series = 	 "DAC '13",
  editor = 	 "",
  year =         "2013",
  publisher =    "ACM Press",
  address = 	 "Austin, TX, USA",
  pages =        "1--6",
  doi = 	 "10.1145/2463209.2488794",
  url = 	 "http://dx.doi.org/10.1145/2463209.2488794",
  number =	 "",
  month = 	 "",
  organization = "",
  note = 	 "",
}



@inproceedings{EXTSAT,
  author    = {Niklas E{\'{e}}n and
               Niklas S{\"{o}}rensson},
  title     = {An Extensible SAT-solver},
  booktitle = {Theory and Applications of Satisfiability Testing, 6th International
               Conference, {SAT} 2003. Santa Margherita Ligure, Italy, May 5-8, 2003
               Selected Revised Papers},
  pages     = {502--518},
  year      = {2003},
  crossref  = {DBLP:conf/sat/2003},
  url       = {http://dx.doi.org/10.1007/978-3-540-24605-3_37},
  doi       = {10.1007/978-3-540-24605-3_37},
  timestamp = {Wed, 06 Jul 2011 21:20:44 +0200},
  biburl    = {http://dblp.uni-trier.de/rec/bib/conf/sat/EenS03},
  bibsource = {dblp computer science bibliography, http://dblp.org}
}

@proceedings{DBLP:conf/sat/2003,
  editor    = {Enrico Giunchiglia and
               Armando Tacchella},
  title     = {Theory and Applications of Satisfiability Testing, 6th International
               Conference, {SAT} 2003. Santa Margherita Ligure, Italy, May 5-8, 2003
               Selected Revised Papers},
  series    = {Lecture Notes in Computer Science},
  volume    = {2919},
  publisher = {Springer},
  year      = {2004},
  isbn      = {3-540-20851-8},
  timestamp = {Mon, 01 Mar 2004 12:34:51 +0100},
  biburl    = {http://dblp.uni-trier.de/rec/bib/conf/sat/2003},
  bibsource = {dblp computer science bibliography, http://dblp.org}
}


@Inproceedings{CHAFF,
  author =       "Matthew W. Moskewicz and Conor F. Madigan and Ying Zhao and Lintao Zhang and Sharad Malik",
  title =        "Chaff: Engineering an Efficient SAT Solver",
  booktitle =    "Proceedings of the 38th Design Automation Conference, DAC 2001",
  series = 	 "DAC '01",
  editor = 	 "",
  year =         "2001",
  publisher =    "ACM Press",
  address = 	 "Las Vegas, NV, USA",
  pages =        "530--535",
  doi = 	 "10.1145/378239.379017",
  url = 	 "http://dx.doi.org/10.1145/378239.379017",
  number =	 "",
  month = 	 "",
  organization = "",
  note = 	 "",
}



@inproceedings{grasp,
  author    = {Jo{\~{a}}o P. Marques Silva and
               Karem A. Sakallah},
  title     = {{GRASP} - a new search algorithm for satisfiability},
  booktitle = {{ICCAD}},
  pages     = {220--227},
  year      = {1996},
  url       = {http://dx.doi.org/10.1109/ICCAD.1996.569607},
  doi       = {10.1109/ICCAD.1996.569607},
  timestamp = {Fri, 01 May 2015 13:35:00 +0200},
  biburl    = {http://dblp.uni-trier.de/rec/bib/conf/iccad/SilvaS96},
  bibsource = {dblp computer science bibliography, http://dblp.org}
}

@inproceedings{BERKMIN,
  author    = {Evguenii I. Goldberg and
               Yakov Novikov},
  title     = {BerkMin: {A} Fast and Robust Sat-Solver},
  booktitle = {2002 Design, Automation and Test in Europe Conference and Exposition
               {(DATE} 2002), 4-8 March 2002, Paris, France},
  pages     = {142--149},
  year      = {2002},
  crossref  = {DBLP:conf/date/2002},
  url       = {http://doi.ieeecomputersociety.org/10.1109/DATE.2002.998262},
  doi       = {10.1109/DATE.2002.998262},
  timestamp = {Tue, 30 Jun 2015 16:34:13 +0200},
  biburl    = {http://dblp.uni-trier.de/rec/bib/conf/date/GoldbergN02},
  bibsource = {dblp computer science bibliography, http://dblp.org}
}

@proceedings{DBLP:conf/date/2002,
  title     = {2002 Design, Automation and Test in Europe Conference and Exposition
               {(DATE} 2002), 4-8 March 2002, Paris, France},
  publisher = {{IEEE} Computer Society},
  year      = {2002},
  isbn      = {0-7695-1471-5},
  timestamp = {Mon, 01 Sep 2003 13:31:15 +0200},
  biburl    = {http://dblp.uni-trier.de/rec/bib/conf/date/2002},
  bibsource = {dblp computer science bibliography, http://dblp.org}
}



@Article{Craig,
  author 	= "William Craig",
  title 	= "Linear reasoning: A new form of the herbrand-gentzen theorem",
  journal 	= "The Journal of Symbolic Logic",
  volume 	= "22",
  number 	= "3",
  month 	= sep,
  year 		= "1957",
  pages 	= "250--268",
  note		= "",
}



@Article{MEALY,
  author 	= "GEORGE H. MEALY ",
  title 	= "A method for synthesizing sequential circuits",
  journal 	= "THE BELL SYSTEM TECHNICAL JOURNAL",
  volume 	= "34",
  number 	= "5",
  month 	= sep,
  year 		= "1955",
  pages 	= "1045--1079",
  note		= "",
}




@inproceedings{BradleyVMCAI11,
  author    = {Aaron R. Bradley},
  title     = {SAT-Based Model Checking without Unrolling},
  booktitle = {Verification, Model Checking, and Abstract Interpretation - 12th International
               Conference, {VMCAI} 2011, Austin, TX, USA, January 23-25, 2011. Proceedings},
  pages     = {70--87},
  year      = {2011},
  crossref  = {DBLP:conf/vmcai/2011},
  url       = {http://dx.doi.org/10.1007/978-3-642-18275-4_7},
  doi       = {10.1007/978-3-642-18275-4_7},
  timestamp = {Tue, 15 Feb 2011 15:04:41 +0100},
  biburl    = {http://dblp.uni-trier.de/rec/bib/conf/vmcai/Bradley11},
  bibsource = {dblp computer science bibliography, http://dblp.org}
}

@proceedings{DBLP:conf/vmcai/2011,
  editor    = {Ranjit Jhala and
               David A. Schmidt},
  title     = {Verification, Model Checking, and Abstract Interpretation - 12th International
               Conference, {VMCAI} 2011, Austin, TX, USA, January 23-25, 2011. Proceedings},
  series    = {Lecture Notes in Computer Science},
  volume    = {6538},
  publisher = {Springer},
  year      = {2011},
  url       = {http://dx.doi.org/10.1007/978-3-642-18275-4},
  doi       = {10.1007/978-3-642-18275-4},
  isbn      = {978-3-642-18274-7},
  timestamp = {Tue, 15 Feb 2011 15:02:49 +0100},
  biburl    = {http://dblp.uni-trier.de/rec/bib/conf/vmcai/2011},
  bibsource = {dblp computer science bibliography, http://dblp.org}
}


@Inproceedings{EenFMCAD11,
  author =       "Niklas E{\'e}n and Alan Mishchenko and Robert K. Brayton",
  title =        "Efficient implementation of property-directed reachability",
  booktitle =    "Proceedings of the International Conference on Formal Methods in Computer-Aided Design,FMCAD 2011",
  series = 	 "FMCAD '11",
  editor = 	 "",
  year =         "2011",
  publisher =    "FMCAD Inc",
  address = 	 "Austin, TX, USA",
  pages =        "125--134",
  number =	 "",
  month = 	 "",
  organization = "",
  note = 	 "",
}

@Inproceedings{dim_syn,
  author =       "Sumit Gulwani",
  title =        "Dimensions in program synthesis",
  booktitle =    "Proceedings of the 12th international ACM SIGPLAN symposium on Principles and practice of declarative programming,PPDP 2010",
  series = 	 "PPDP '10",
  editor = 	 "",
  year =         "2010",
  publisher =    "ACM Press",
  address = 	 "Hagenberg, Austria",
  pages =        "13--24",
  doi = 	 "10.1145/1836089.1836091",
  url = 	 "http://dx.doi.org/10.1145/1836089.1836091",
  number =	 "",
  month = 	 "",
  organization = "",
  note = 	 "",
}

@Inproceedings{prog_inv,
  author =       "Edsger W. Dijkstra	",
  title =        "Program Inversion",
  booktitle =    "Proceeding of Program Construction, International Summer School",
  year =         "1979",
  publisher =    "Springer-Verlag",
  address = 	 "London, UK",
  pages =        "54--57",
  number =	 "",
  month = 	 "",
  organization = "",
  note = 	 "",
}



@article{mtd_autoProginv,
 author = {Robert Gl\"uck and Masahiko Kawabe.},
 title = {A method for automatic program inversion based on LR(0) parsing},
 journal = {Journal Fundamenta Informaticae},
 issue_date = {Jan. 2005},
 volume = {66},
 number = {4},
 month = {January},
 year = {2005},
 issn = {1875-8681},
 pages = {367--395},
 url = {http://doi.acm.org/10.1109/TCAD.2012.2191288},
 doi = {10.1109/TCAD.2012.2191288},
 publisher = {IOS Press}
}

@Techreport{prog_inv_rev,
  author =       "S. Srivastava and S. Gulwani and S. Chaudhuri and J. Foster",
  year =         "2010",
  title =        "Program inversion revisited",
  institution =  "Microsoft Research",
  type =         "Technical Report ",
  number =       "MSR-TR-2010-34"
  month = 	 "",
  note = 	 "",
}

@Inproceedings{converter_date08,
  author =       "Karin Avnit and Vijay D'Silvaand Arcot Sowmya and S. Rameshand Sri Parameswaran",
  title =        "A Formal Approach To The Protocol Converter Problem",
  booktitle =    "Proceedings of the conference on Design, automation and test in Europe,DATE 2008",
  series = 	 "DATE '08",
  editor = 	 "",
  year =         "2008",
  publisher =    "ACM Press",
  address = 	 "Munich, Germany",
  pages =        "294--299",
  doi = 	 "10.1109/DATE.2008.4484695",
  url = 	 "http://dx.doi.org/10.1109/DATE.2008.4484695",
  number =	 "",
  month = 	 "",
  organization = "",
  note = 	 "",
}

@article{converter_todeas09,
 author = {Karin Avnit and Vijay D'Silva and Arcot Sowmya and S. Ramesh and Sri Parameswaran.},
 title = {Provably correct on-chip communication: A formal approach to automatic protocol converter synthesis},
 journal = {ACM Transactions on Design Automation of Electronic Systems},
 issue_date = {Mar. 2009},
 volume = {14},
 number = {2},
 month = {March},
 year = {2009},
 issn = {1084-4309},
 pages = {14:1--14:41},
 url = {http://doi.acm.org/10.1145/1497561.1497562},
 doi = {10.1145/1497561.1497562},
 publisher = {ACM Press},
 address = {New York, NY, USA }
}


@Inproceedings{converter_date09,
  author =       "Karin Avnit and Arcot Sowmya",
  title =        "A formal approach to design space exploration of protocol converters",
  booktitle =    "Proceedings of the Conference on Design, Automation and Test in Europe,DATE 2009",
  series = 	 "DATE '09",
  editor = 	 "",
  year =         "2009",
  publisher =    "European Design and Automation Association",
  address = 	 "3001 Leuven, Belgium, Belgium",
  pages =        "129--134",
  doi = 	 "10.1109/DATE.2009.5090645",
  url = 	 "http://dx.doi.org/10.1109/DATE.2009.5090645",
  number =	 "",
  month = 	 "",
  organization = "",
  note = 	 "",
}


@Inproceedings{program_inversion_11,
  author =       "Saurabh Srivastava and Sumit Gulwani and Swarat Chaudhuri and Jeffrey S. Foster",
  title =        "Path-based inductive synthesis for program inversion",
  booktitle =    "Proceedings of the 32nd ACM SIGPLAN conference on Programming language design and implementation,PLDI 2011",
  series = 	 "PLDI '11",
  editor = 	 "",
  year =         "2011",
  publisher =    "ACM Press",
  address = 	 "San Jose, CA, USA",
  pages =        "492--503",
  doi = 	 "10.1145/1993498.1993557",
  url = 	 "http://dx.doi.org/10.1145/1993498.1993557",
  number =	 "",
  month = 	 "",
  organization = "",
  note = 	 "",
}


@inproceedings{SATUNBMC,
  author    = {Kenneth L. McMillan},
  title     = {Applying {SAT} Methods in Unbounded Symbolic Model Checking},
  booktitle = {Computer Aided Verification, 14th International Conference, {CAV}
               2002,Copenhagen, Denmark, July 27-31, 2002, Proceedings},
  pages     = {250--264},
  year      = {2002},
  crossref  = {DBLP:conf/cav/2002},
  url       = {http://dx.doi.org/10.1007/3-540-45657-0_19},
  doi       = {10.1007/3-540-45657-0_19},
  timestamp = {Fri, 01 Jul 2011 13:40:51 +0200},
  biburl    = {http://dblp.uni-trier.de/rec/bib/conf/cav/McMillan02},
  bibsource = {dblp computer science bibliography, http://dblp.org}
}

@proceedings{DBLP:conf/cav/2002,
  editor    = {Ed Brinksma and
               Kim Guldstrand Larsen},
  title     = {Computer Aided Verification, 14th International Conference, {CAV}
               2002,Copenhagen, Denmark, July 27-31, 2002, Proceedings},
  series    = {Lecture Notes in Computer Science},
  volume    = {2404},
  publisher = {Springer},
  year      = {2002},
  isbn      = {3-540-43997-8},
  timestamp = {Wed, 09 Oct 2002 15:55:21 +0200},
  biburl    = {http://dblp.uni-trier.de/rec/bib/conf/cav/2002},
  bibsource = {dblp computer science bibliography, http://dblp.org}
}






@inproceedings{MINASS,
  author    = {Kavita Ravi and
               Fabio Somenzi},
  title     = {Minimal Assignments for Bounded Model Checking},
  booktitle = {Tools and Algorithms for the Construction and Analysis of Systems,
               10th International Conference, {TACAS} 2004, Held as Part of the Joint
               European Conferences on Theory and Practice of Software, {ETAPS} 2004,
               Barcelona, Spain, March 29 - April 2, 2004, Proceedings},
  pages     = {31--45},
  year      = {2004},
  crossref  = {DBLP:conf/tacas/2004},
  url       = {http://dx.doi.org/10.1007/978-3-540-24730-2_3},
  doi       = {10.1007/978-3-540-24730-2_3},
  timestamp = {Wed, 06 Jul 2011 21:22:09 +0200},
  biburl    = {http://dblp.uni-trier.de/rec/bib/conf/tacas/RaviS04},
  bibsource = {dblp computer science bibliography, http://dblp.org}
}

@proceedings{DBLP:conf/tacas/2004,
  editor    = {Kurt Jensen and
               Andreas Podelski},
  title     = {Tools and Algorithms for the Construction and Analysis of Systems,
               10th International Conference, {TACAS} 2004, Held as Part of the Joint
               European Conferences on Theory and Practice of Software, {ETAPS} 2004,
               Barcelona, Spain, March 29 - April 2, 2004, Proceedings},
  series    = {Lecture Notes in Computer Science},
  volume    = {2988},
  publisher = {Springer},
  year      = {2004},
  isbn      = {3-540-21299-X},
  timestamp = {Wed, 10 Mar 2004 12:00:55 +0100},
  biburl    = {http://dblp.uni-trier.de/rec/bib/conf/tacas/2004},
  bibsource = {dblp computer science bibliography, http://dblp.org}
}





@inproceedings{EFFCON,
  author    = {HoonSang Jin and
               HyoJung Han and
               Fabio Somenzi},
  title     = {Efficient Conflict Analysis for Finding All Satisfying Assignments
               of a Boolean Circuit},
  booktitle = {Tools and Algorithms for the Construction and Analysis of Systems,
               11th International Conference, {TACAS} 2005, Held as Part of the Joint
               European Conferences on Theory and Practice of Software, {ETAPS} 2005,
               Edinburgh, UK, April 4-8, 2005, Proceedings},
  pages     = {287--300},
  year      = {2005},
  crossref  = {DBLP:conf/tacas/2005},
  url       = {http://dx.doi.org/10.1007/978-3-540-31980-1_19},
  doi       = {10.1007/978-3-540-31980-1_19},
  timestamp = {Thu, 28 May 2015 17:23:18 +0200},
  biburl    = {http://dblp.uni-trier.de/rec/bib/conf/tacas/JinHS05},
  bibsource = {dblp computer science bibliography, http://dblp.org}
}

@proceedings{DBLP:conf/tacas/2005,
  editor    = {Nicolas Halbwachs and
               Lenore D. Zuck},
  title     = {Tools and Algorithms for the Construction and Analysis of Systems,
               11th International Conference, {TACAS} 2005, Held as Part of the Joint
               European Conferences on Theory and Practice of Software, {ETAPS} 2005,
               Edinburgh, UK, April 4-8, 2005, Proceedings},
  series    = {Lecture Notes in Computer Science},
  volume    = {3440},
  publisher = {Springer},
  year      = {2005},
  url       = {http://dx.doi.org/10.1007/b107194},
  doi       = {10.1007/b107194},
  isbn      = {3-540-25333-5},
  timestamp = {Thu, 28 May 2015 17:23:18 +0200},
  biburl    = {http://dblp.uni-trier.de/rec/bib/conf/tacas/2005},
  bibsource = {dblp computer science bibliography, http://dblp.org}
}




@inproceedings{MINCEX,
  author    = {ShengYu Shen and
               Ying Qin and
               Sikun Li},
  title     = {Minimizing Counterexample with Unit Core Extraction and Incremental
               {SAT}},
  booktitle = {Verification, Model Checking, and Abstract Interpretation, 6th International
               Conference, {VMCAI} 2005, Paris, France, January 17-19, 2005, Proceedings},
  pages     = {298--312},
  year      = {2005},
  crossref  = {DBLP:conf/vmcai/2005},
  url       = {http://dx.doi.org/10.1007/978-3-540-30579-8_20},
  doi       = {10.1007/978-3-540-30579-8_20},
  timestamp = {Mon, 08 Aug 2011 15:22:35 +0200},
  biburl    = {http://dblp.uni-trier.de/rec/bib/conf/vmcai/ShenQL05},
  bibsource = {dblp computer science bibliography, http://dblp.org}
}

@proceedings{DBLP:conf/vmcai/2005,
  editor    = {Radhia Cousot},
  title     = {Verification, Model Checking, and Abstract Interpretation, 6th International
               Conference, {VMCAI} 2005, Paris, France, January 17-19, 2005, Proceedings},
  series    = {Lecture Notes in Computer Science},
  volume    = {3385},
  publisher = {Springer},
  year      = {2005},
  isbn      = {3-540-24297-X},
  timestamp = {Fri, 11 Feb 2005 09:54:48 +0100},
  biburl    = {http://dblp.uni-trier.de/rec/bib/conf/vmcai/2005},
  bibsource = {dblp computer science bibliography, http://dblp.org}
}




@inproceedings{MEMEFFALLSAT,
  author    = {Orna Grumberg and
               Assaf Schuster and
               Avi Yadgar},
  title     = {Memory Efficient All-Solutions {SAT} Solver and Its Application for
               Reachability Analysis},
  booktitle = {Formal Methods in Computer-Aided Design, 5th International Conference,
               {FMCAD} 2004, Austin, Texas, USA, November 15-17, 2004, Proceedings},
  pages     = {275--289},
  year      = {2004},
  crossref  = {DBLP:conf/fmcad/2004},
  url       = {http://dx.doi.org/10.1007/978-3-540-30494-4_20},
  doi       = {10.1007/978-3-540-30494-4_20},
  timestamp = {Mon, 08 Aug 2011 15:21:24 +0200},
  biburl    = {http://dblp.uni-trier.de/rec/bib/conf/fmcad/GrumbergSY04},
  bibsource = {dblp computer science bibliography, http://dblp.org}
}

@proceedings{DBLP:conf/fmcad/2004,
  editor    = {Alan J. Hu and
               Andrew K. Martin},
  title     = {Formal Methods in Computer-Aided Design, 5th International Conference,
               {FMCAD} 2004, Austin, Texas, USA, November 15-17, 2004, Proceedings},
  series    = {Lecture Notes in Computer Science},
  volume    = {3312},
  publisher = {Springer},
  year      = {2004},
  isbn      = {3-540-23738-0},
  timestamp = {Thu, 24 Apr 2008 11:56:50 +0200},
  biburl    = {http://dblp.uni-trier.de/rec/bib/conf/fmcad/2004},
  bibsource = {dblp computer science bibliography, http://dblp.org}
}





@inproceedings{REPARAM,
  author    = {Pankaj Chauhan and
               Edmund M. Clarke and
               Daniel Kroening},
  title     = {A SAT-based algorithm for reparameterization in symbolic simulation},
  booktitle = {Proceedings of the 41th Design Automation Conference, {DAC} 2004,
               San Diego, CA, USA, June 7-11, 2004},
  pages     = {524--529},
  year      = {2004},
  crossref  = {DBLP:conf/dac/2004},
  url       = {http://doi.acm.org/10.1145/996566.996711},
  doi       = {10.1145/996566.996711},
  timestamp = {Wed, 30 Nov 2011 16:28:52 +0100},
  biburl    = {http://dblp.uni-trier.de/rec/bib/conf/dac/ChauhanCK04},
  bibsource = {dblp computer science bibliography, http://dblp.org}
}

@proceedings{DBLP:conf/dac/2004,
  editor    = {Sharad Malik and
               Limor Fix and
               Andrew B. Kahng},
  title     = {Proceedings of the 41th Design Automation Conference, {DAC} 2004,
               San Diego, CA, USA, June 7-11, 2004},
  publisher = {{ACM}},
  year      = {2004},
  url       = {http://dl.acm.org/citation.cfm?id=996566},
  isbn      = {1-58113-828-8},
  timestamp = {Wed, 30 Nov 2011 16:28:52 +0100},
  biburl    = {http://dblp.uni-trier.de/rec/bib/conf/dac/2004},
  bibsource = {dblp computer science bibliography, http://dblp.org}
}




@inproceedings{PRIMECLAUSE,
  author    = {HoonSang Jin and
               Fabio Somenzi},
  title     = {Prime clauses for fast enumeration of satisfying assignments to boolean
               circuits},
  booktitle = {Proceedings of the 42nd Design Automation Conference, {DAC} 2005,
               San Diego, CA, USA, June 13-17, 2005},
  pages     = {750--753},
  year      = {2005},
  crossref  = {DBLP:conf/dac/2005},
  url       = {http://doi.acm.org/10.1145/1065579.1065775},
  doi       = {10.1145/1065579.1065775},
  timestamp = {Wed, 30 Nov 2011 16:28:52 +0100},
  biburl    = {http://dblp.uni-trier.de/rec/bib/conf/dac/JinS05},
  bibsource = {dblp computer science bibliography, http://dblp.org}
}

@proceedings{DBLP:conf/dac/2005,
  editor    = {William H. Joyner Jr. and
               Grant Martin and
               Andrew B. Kahng},
  title     = {Proceedings of the 42nd Design Automation Conference, {DAC} 2005,
               San Diego, CA, USA, June 13-17, 2005},
  publisher = {{ACM}},
  year      = {2005},
  url       = {http://dl.acm.org/citation.cfm?id=1065579},
  isbn      = {1-59593-058-2},
  timestamp = {Wed, 30 Nov 2011 16:28:52 +0100},
  biburl    = {http://dblp.uni-trier.de/rec/bib/conf/dac/2005},
  bibsource = {dblp computer science bibliography, http://dblp.org}
}





@inproceedings{EFFSATUSMCCO,
  author    = {Malay K. Ganai and
               Aarti Gupta and
               Pranav Ashar},
  title     = {Efficient SAT-based unbounded symbolic model checking using circuit
               cofactoring},
  booktitle = {2004 International Conference on Computer-Aided Design, {ICCAD} 2004,
               San Jose, CA, USA, November 7-11, 2004},
  pages     = {510--517},
  year      = {2004},
  crossref  = {DBLP:conf/iccad/2004},
  url       = {http://dx.doi.org/10.1109/ICCAD.2004.1382631},
  doi       = {10.1109/ICCAD.2004.1382631},
  timestamp = {Fri, 01 May 2015 13:35:01 +0200},
  biburl    = {http://dblp.uni-trier.de/rec/bib/conf/iccad/GanaiGA04},
  bibsource = {dblp computer science bibliography, http://dblp.org}
}

@proceedings{DBLP:conf/iccad/2004,
  title     = {2004 International Conference on Computer-Aided Design, {ICCAD} 2004,
               San Jose, CA, USA, November 7-11, 2004},
  publisher = {{IEEE} Computer Society / {ACM}},
  year      = {2004},
  url       = {http://ieeexplore.ieee.org/xpl/mostRecentIssue.jsp?punumber=9494},
  isbn      = {0-7803-8702-3},
  timestamp = {Thu, 30 Apr 2015 18:34:23 +0200},
  biburl    = {http://dblp.uni-trier.de/rec/bib/conf/iccad/2004},
  bibsource = {dblp computer science bibliography, http://dblp.org}
}





@inproceedings{CONFLICTLEARN,
  author    = {Lintao Zhang and
               Conor F. Madigan and
               Matthew W. Moskewicz and
               Sharad Malik},
  title     = {Efficient Conflict Driven Learning in Boolean Satisfiability Solver},
  booktitle = {Proceedings of the 2001 {IEEE/ACM} International Conference on Computer-Aided
               Design, {ICCAD} 2001, San Jose, CA, USA, November 4-8, 2001},
  pages     = {279--285},
  year      = {2001},
  crossref  = {DBLP:conf/iccad/2001},
  url       = {http://dx.doi.org/10.1109/ICCAD.2001.968634},
  doi       = {10.1109/ICCAD.2001.968634},
  timestamp = {Thu, 30 Apr 2015 18:34:31 +0200},
  biburl    = {http://dblp.uni-trier.de/rec/bib/conf/iccad/ZhangMMM01},
  bibsource = {dblp computer science bibliography, http://dblp.org}
}

@proceedings{DBLP:conf/iccad/2001,
  editor    = {Rolf Ernst},
  title     = {Proceedings of the 2001 {IEEE/ACM} International Conference on Computer-Aided
               Design, {ICCAD} 2001, San Jose, CA, USA, November 4-8, 2001},
  publisher = {{IEEE} Computer Society},
  year      = {2001},
  url       = {http://ieeexplore.ieee.org/xpl/mostRecentIssue.jsp?punumber=7652},
  isbn      = {0-7803-7249-2},
  timestamp = {Thu, 30 Apr 2015 18:34:28 +0200},
  biburl    = {http://dblp.uni-trier.de/rec/bib/conf/iccad/2001},
  bibsource = {dblp computer science bibliography, http://dblp.org}
}




@inproceedings{SMCSAT,
  author    = {Armin Biere and
               Alessandro Cimatti and
               Edmund M. Clarke and
               Masahiro Fujita and
               Yunshan Zhu},
  title     = {Symbolic Model Checking Using {SAT} Procedures instead of BDDs},
  booktitle = {{DAC}},
  pages     = {317--320},
  year      = {1999},
  url       = {http://doi.acm.org/10.1145/309847.309942},
  doi       = {10.1145/309847.309942},
  timestamp = {Mon, 16 Dec 2002 10:08:28 +0100},
  biburl    = {http://dblp.uni-trier.de/rec/bib/conf/dac/BiereCCFZ99},
  bibsource = {dblp computer science bibliography, http://dblp.org}
}





@inproceedings{InterpBoolFunction,
  author    = {Jie{-}Hong Roland Jiang and
               Hsuan{-}Po Lin and
               Wei{-}Lun Hung},
  title     = {Interpolating functions from large Boolean relations},
  booktitle = {2009 International Conference on Computer-Aided Design, {ICCAD} 2009,
               San Jose, CA, USA, November 2-5, 2009},
  pages     = {779--784},
  year      = {2009},
  crossref  = {DBLP:conf/iccad/2009},
  url       = {http://doi.acm.org/10.1145/1687399.1687544},
  doi       = {10.1145/1687399.1687544},
  timestamp = {Thu, 30 Apr 2015 18:34:27 +0200},
  biburl    = {http://dblp.uni-trier.de/rec/bib/conf/iccad/JiangLH09},
  bibsource = {dblp computer science bibliography, http://dblp.org}
}

@proceedings{DBLP:conf/iccad/2009,
  editor    = {Jaijeet S. Roychowdhury},
  title     = {2009 International Conference on Computer-Aided Design, {ICCAD} 2009,
               San Jose, CA, USA, November 2-5, 2009},
  publisher = {{ACM}},
  year      = {2009},
  url       = {http://doi.acm.org/10.1145/1687399},
  doi       = {10.1145/1687399},
  isbn      = {978-1-60558-800-1},
  timestamp = {Thu, 30 Apr 2015 18:34:27 +0200},
  biburl    = {http://dblp.uni-trier.de/rec/bib/conf/iccad/2009},
  bibsource = {dblp computer science bibliography, http://dblp.org}
}





@inproceedings{interpNoProof,
  author    = {Hana Chockler and
               Alexander Ivrii and
               Arie Matsliah},
  title     = {Computing Interpolants without Proofs},
  booktitle = {Hardware and Software: Verification and Testing - 8th International
               Haifa Verification Conference, {HVC} 2012, Haifa, Israel, November
               6-8, 2012. Revised Selected Papers},
  pages     = {72--85},
  year      = {2012},
  crossref  = {DBLP:conf/hvc/2012},
  url       = {http://dx.doi.org/10.1007/978-3-642-39611-3_12},
  doi       = {10.1007/978-3-642-39611-3_12},
  timestamp = {Tue, 09 Jul 2013 14:14:21 +0200},
  biburl    = {http://dblp.uni-trier.de/rec/bib/conf/hvc/ChocklerIM12},
  bibsource = {dblp computer science bibliography, http://dblp.org}
}

@proceedings{DBLP:conf/hvc/2012,
  editor    = {Armin Biere and
               Amir Nahir and
               Tanja E. J. Vos},
  title     = {Hardware and Software: Verification and Testing - 8th International
               Haifa Verification Conference, {HVC} 2012, Haifa, Israel, November
               6-8, 2012. Revised Selected Papers},
  series    = {Lecture Notes in Computer Science},
  volume    = {7857},
  publisher = {Springer},
  year      = {2013},
  url       = {http://dx.doi.org/10.1007/978-3-642-39611-3},
  doi       = {10.1007/978-3-642-39611-3},
  isbn      = {978-3-642-39610-6},
  timestamp = {Tue, 09 Jul 2013 14:10:11 +0200},
  biburl    = {http://dblp.uni-trier.de/rec/bib/conf/hvc/2012},
  bibsource = {dblp computer science bibliography, http://dblp.org}
}



@inproceedings{scalableFuncDep,
  author    = {Chih{-}Chun Lee and
               Jie{-}Hong Roland Jiang and
               Chung{-}Yang Huang and
               Alan Mishchenko},
  title     = {Scalable exploration of functional dependency by interpolation and
               incremental {SAT} solving},
  booktitle = {2007 International Conference on Computer-Aided Design, {ICCAD} 2007,
               San Jose, CA, USA, November 5-8, 2007},
  pages     = {227--233},
  year      = {2007},
  crossref  = {DBLP:conf/iccad/2007},
  url       = {http://dx.doi.org/10.1109/ICCAD.2007.4397270},
  doi       = {10.1109/ICCAD.2007.4397270},
  timestamp = {Fri, 01 May 2015 13:35:01 +0200},
  biburl    = {http://dblp.uni-trier.de/rec/bib/conf/iccad/LeeJHM07},
  bibsource = {dblp computer science bibliography, http://dblp.org}
}

@proceedings{DBLP:conf/iccad/2007,
  editor    = {Georges G. E. Gielen},
  title     = {2007 International Conference on Computer-Aided Design, {ICCAD} 2007,
               San Jose, CA, USA, November 5-8, 2007},
  publisher = {{IEEE} Computer Society},
  year      = {2007},
  url       = {http://ieeexplore.ieee.org/xpl/mostRecentIssue.jsp?punumber=4397222},
  isbn      = {1-4244-1382-6},
  timestamp = {Thu, 30 Apr 2015 18:34:23 +0200},
  biburl    = {http://dblp.uni-trier.de/rec/bib/conf/iccad/2007},
  bibsource = {dblp computer science bibliography, http://dblp.org}
}





@inproceedings{Bidecomp,
  author    = {Ruei{-}Rung Lee and
               Jie{-}Hong Roland Jiang and
               Wei{-}Lun Hung},
  title     = {Bi-decomposing large Boolean functions via interpolation and satisfiability
               solving},
  booktitle = {Proceedings of the 45th Design Automation Conference, {DAC} 2008,
               Anaheim, CA, USA, June 8-13, 2008},
  pages     = {636--641},
  year      = {2008},
  crossref  = {DBLP:conf/dac/2008},
  url       = {http://doi.acm.org/10.1145/1391469.1391634},
  doi       = {10.1145/1391469.1391634},
  timestamp = {Wed, 30 Nov 2011 16:28:52 +0100},
  biburl    = {http://dblp.uni-trier.de/rec/bib/conf/dac/LeeJH08},
  bibsource = {dblp computer science bibliography, http://dblp.org}
}

@proceedings{DBLP:conf/dac/2008,
  editor    = {Limor Fix},
  title     = {Proceedings of the 45th Design Automation Conference, {DAC} 2008,
               Anaheim, CA, USA, June 8-13, 2008},
  publisher = {{ACM}},
  year      = {2008},
  url       = {http://dl.acm.org/citation.cfm?id=1391469},
  isbn      = {978-1-60558-115-6},
  timestamp = {Wed, 30 Nov 2011 16:28:52 +0100},
  biburl    = {http://dblp.uni-trier.de/rec/bib/conf/dac/2008},
  bibsource = {dblp computer science bibliography, http://dblp.org}
}




@inproceedings{ecoInterp,
  author    = {Bo{-}Han Wu and
               Chun{-}Ju Yang and
               Chung{-}Yang Huang and
               Jie{-}Hong Roland Jiang},
  title     = {A robust functional {ECO} engine by {SAT} proof minimization and interpolation
               techniques},
  booktitle = {2010 International Conference on Computer-Aided Design, {ICCAD} 2010,
               San Jose, CA, USA, November 7-11, 2010},
  pages     = {729--734},
  year      = {2010},
  crossref  = {DBLP:conf/iccad/2010},
  url       = {http://dx.doi.org/10.1109/ICCAD.2010.5654265},
  doi       = {10.1109/ICCAD.2010.5654265},
  timestamp = {Thu, 30 Apr 2015 18:34:32 +0200},
  biburl    = {http://dblp.uni-trier.de/rec/bib/conf/iccad/WuYHJ10},
  bibsource = {dblp computer science bibliography, http://dblp.org}
}

@proceedings{DBLP:conf/iccad/2010,
  editor    = {Louis Scheffer and
               Joel R. Phillips and
               Alan J. Hu},
  title     = {2010 International Conference on Computer-Aided Design, {ICCAD} 2010,
               San Jose, CA, USA, November 7-11, 2010},
  publisher = {{IEEE}},
  year      = {2010},
  url       = {http://ieeexplore.ieee.org/xpl/mostRecentIssue.jsp?punumber=5638200},
  isbn      = {978-1-4244-8192-7},
  timestamp = {Thu, 30 Apr 2015 18:34:30 +0200},
  biburl    = {http://dblp.uni-trier.de/rec/bib/conf/iccad/2010},
  bibsource = {dblp computer science bibliography, http://dblp.org}
}


@misc{ABC,
    key         = {Berkeley Logic Synthesis and Verification Group},
    title       = {ABC:A system for sequential synthesis and verification},
    note        = {http://www.eecs.berkeley.edu/alanmi/abc/},
    year        = 2008
}

%%%%%%%%%%
% these come from dbl.
%%%%%%%%%


@article{SATtheory,
  author    = {Martin Davis and
               Hilary Putnam},
  title     = {A Computing Procedure for Quantification Theory},
  journal   = {J. {ACM}},
  volume    = {7},
  number    = {3},
  pages     = {201--215},
  year      = {1960},
  url       = {http://doi.acm.org/10.1145/321033.321034},
  doi       = {10.1145/321033.321034},
  timestamp = {Fri, 29 Feb 2008 08:13:22 +0100},
  biburl    = {http://dblp.uni-trier.de/rec/bib/journals/jacm/DavisP60},
  bibsource = {dblp computer science bibliography, http://dblp.org}
}

@book{HardwareSAT,
  author    = {Gary D. Hachtel and
               Fabio Somenzi},
  title     = {Logic synthesis and verification algorithms},
  publisher = {Springer},
  year      = {2006},
  url       = {http://dx.doi.org/10.1007/0-387-31005-3},
  doi       = {10.1007/0-387-31005-3},
  isbn      = {978-0-387-31004-6},
  timestamp = {Wed, 23 Mar 2011 16:58:38 +0100},
  biburl    = {http://dblp.uni-trier.de/rec/bib/books/daglib/0015994},
  bibsource = {dblp computer science bibliography, http://dblp.org}
}

@inproceedings{softwareSAT,
  author    = {Edmund M. Clarke and
               Orna Grumberg and
               Somesh Jha and
               Yuan Lu and
               Helmut Veith},
  title     = {Counterexample-Guided Abstraction Refinement},
  booktitle = {Computer Aided Verification, 12th International Conference, {CAV}
               2000, Chicago, IL, USA, July 15-19, 2000, Proceedings},
  pages     = {154--169},
  year      = {2000},
  crossref  = {DBLP:conf/cav/2000},
  url       = {http://dx.doi.org/10.1007/10722167_15},
  doi       = {10.1007/10722167_15},
  timestamp = {Tue, 21 Jun 2011 16:38:39 +0200},
  biburl    = {http://dblp.uni-trier.de/rec/bib/conf/cav/ClarkeGJLV00},
  bibsource = {dblp computer science bibliography, http://dblp.org}
}



@inproceedings{cryptoSAT,
  author    = {Mate Soos and
               Karsten Nohl and
               Claude Castelluccia},
  title     = {Extending {SAT} Solvers to Cryptographic Problems},
  booktitle = {Theory and Applications of Satisfiability Testing - {SAT} 2009, 12th
               International Conference, {SAT} 2009, Swansea, UK, June 30 - July
               3, 2009. Proceedings},
  pages     = {244--257},
  year      = {2009},
  crossref  = {DBLP:conf/sat/2009},
  url       = {http://dx.doi.org/10.1007/978-3-642-02777-2_24},
  doi       = {10.1007/978-3-642-02777-2_24},
  timestamp = {Thu, 09 Jul 2009 07:43:48 +0200},
  biburl    = {http://dblp.uni-trier.de/rec/bib/conf/sat/SoosNC09},
  bibsource = {dblp computer science bibliography, http://dblp.org}
}




@inproceedings{Nordugrid,
  author    = {Antti Eero Johannes Hyv{\"{a}}rinen and
               Tommi A. Junttila and
               Ilkka Niemel{\"{a}}},
  title     = {Grid-Based {SAT} Solving with Iterative Partitioning and Clause Learning},
  booktitle = {Principles and Practice of Constraint Programming - {CP} 2011 - 17th
               International Conference, {CP} 2011, Perugia, Italy, September 12-16,
               2011. Proceedings},
  pages     = {385--399},
  year      = {2011},
  crossref  = {DBLP:conf/cp/2011},
  url       = {http://dx.doi.org/10.1007/978-3-642-23786-7_30},
  doi       = {10.1007/978-3-642-23786-7_30},
  timestamp = {Fri, 02 Sep 2011 15:33:27 +0200},
  biburl    = {http://dblp.uni-trier.de/rec/bib/conf/cp/HyvarinenJN11},
  bibsource = {dblp computer science bibliography, http://dblp.org}
}


@article{Tseitin,
author = {G. Tseitin},
title = {{On the complexity of derivations in propositional calculus}},
year = {1983},
masid = {2053004}
}

@inproceedings{c.WANG,
  author    = {Cong Wang and
               Kui Ren and
               Jia Wang},
  title     = {Secure and practical outsourcing of linear programming in cloud computing},
  booktitle = {{INFOCOM} 2011. 30th {IEEE} International Conference on Computer Communications,
               Joint Conference of the {IEEE} Computer and Communications Societies,
               10-15 April 2011, Shanghai, China},
  pages     = {820--828},
  year      = {2011},
  crossref  = {DBLP:conf/infocom/2011},
  url       = {http://dx.doi.org/10.1109/INFCOM.2011.5935305},
  doi       = {10.1109/INFCOM.2011.5935305},
  timestamp = {Sun, 08 Dec 2013 12:19:02 +0100},
  biburl    = {http://dblp.uni-trier.de/rec/bib/conf/infocom/WangRW11},
  bibsource = {dblp computer science bibliography, http://dblp.org}
}


@inproceedings{csLiequivalency,
  author    = {Chu Min Li},
  title     = {Integrating Equivalency Reasoning into Davis-Putnam Procedure},
  booktitle = {Proceedings of the Seventeenth National Conference on Artificial Intelligence
               and Twelfth Conference on on Innovative Applications of Artificial
               Intelligence, July 30 - August 3, 2000, Austin, Texas, {USA.}},
  pages     = {291--296},
  year      = {2000},
  crossref  = {DBLP:conf/aaai/2000},
  url       = {http://www.aaai.org/Library/AAAI/2000/aaai00-045.php},
  timestamp = {Tue, 11 Dec 2012 12:57:22 +0100},
  biburl    = {http://dblp.uni-trier.de/rec/bib/conf/aaai/Li00},
  bibsource = {dblp computer science bibliography, http://dblp.org}
}


@inproceedings{csOstrowski,
  author    = {Richard Ostrowski and
               {\'{E}}ric Gr{\'{e}}goire and
               Bertrand Mazure and
               Lakhdar Sais},
  title     = {Recovering and Exploiting Structural Knowledge from {CNF} Formulas},
  booktitle = {Principles and Practice of Constraint Programming - {CP} 2002, 8th
               International Conference, {CP} 2002, Ithaca, NY, USA, September 9-13,
               2002, Proceedings},
  pages     = {185--199},
  year      = {2002},
  crossref  = {DBLP:conf/cp/2002},
  url       = {http://link.springer.de/link/service/series/0558/bibs/2470/24700185.htm},
  timestamp = {Wed, 09 Oct 2002 09:19:53 +0200},
  biburl    = {http://dblp.uni-trier.de/rec/bib/conf/cp/OstrowskiGMS02},
  bibsource = {dblp computer science bibliography, http://dblp.org}
}

@MISC{csRoy,
    author = {Jarrod A. Roy and Igor L. Markov},
    title = {Restoring Circuit Structure from SAT Instances},
  booktitle = {IWLS 2004},
  pages     = {361–368},
    year = {2004}
}

@inproceedings{csFu,
  author    = {Zhaohui Fu and
               Sharad Malik},
  title     = {Extracting Logic Circuit Structure from Conjunctive Normal Form Descriptions},
  booktitle = {20th International Conference on {VLSI} Design {(VLSI} Design 2007),
               Sixth International Conference on Embedded Systems {(ICES} 2007),
               6-10 January 2007, Bangalore, India},
  pages     = {37--42},
  year      = {2007},
  crossref  = {DBLP:conf/vlsid/2007},
  url       = {http://doi.ieeecomputersociety.org/10.1109/VLSID.2007.81},
  doi       = {10.1109/VLSID.2007.81},
  timestamp = {Mon, 26 Mar 2007 15:13:02 +0200},
  biburl    = {http://dblp.uni-trier.de/rec/bib/conf/vlsid/FuM07},
  bibsource = {dblp computer science bibliography, http://dblp.org}
}


@inproceedings{AMI,
  author    = {Marco Balduzzi and
               Jonas Zaddach and
               Davide Balzarotti and
               Engin Kirda and
               Sergio Loureiro},
  title     = {A security analysis of amazon's elastic compute cloud service},
  booktitle = {Proceedings of the {ACM} Symposium on Applied Computing, {SAC} 2012,
               Riva, Trento, Italy, March 26-30, 2012},
  pages     = {1427--1434},
  year      = {2012},
  crossref  = {DBLP:conf/sac/2012},
  url       = {http://doi.acm.org/10.1145/2245276.2232005},
  doi       = {10.1145/2245276.2232005},
  timestamp = {Fri, 08 Jun 2012 19:37:23 +0200},
  biburl    = {http://dblp.uni-trier.de/rec/bib/conf/sac/BalduzziZBKL12},
  bibsource = {dblp computer science bibliography, http://dblp.org}
}

@inproceedings{InformationLeakageofCloud,
  author    = {Thomas Ristenpart and
               Eran Tromer and
               Hovav Shacham and
               Stefan Savage},
  title     = {Hey, you, get off of my cloud: exploring information leakage in third-party
               compute clouds},
  booktitle = {Proceedings of the 2009 {ACM} Conference on Computer and Communications
               Security, {CCS} 2009, Chicago, Illinois, USA, November 9-13, 2009},
  pages     = {199--212},
  year      = {2009},
  crossref  = {DBLP:conf/ccs/2009},
  url       = {http://doi.acm.org/10.1145/1653662.1653687},
  doi       = {10.1145/1653662.1653687},
  timestamp = {Wed, 25 Nov 2009 10:38:32 +0100},
  biburl    = {http://dblp.uni-trier.de/rec/bib/conf/ccs/RistenpartTSS09},
  bibsource = {dblp computer science bibliography, http://dblp.org}
}

@inproceedings{microgenSAT,
  author    = {Dimitris Achlioptas and
               Carla P. Gomes and
               Henry A. Kautz and
               Bart Selman},
  title     = {Generating Satisfiable Problem Instances},
  booktitle = {Proceedings of the Seventeenth National Conference on Artificial Intelligence
               and Twelfth Conference on on Innovative Applications of Artificial
               Intelligence, July 30 - August 3, 2000, Austin, Texas, {USA.}},
  pages     = {256--261},
  year      = {2000},
  crossref  = {DBLP:conf/aaai/2000},
  url       = {http://www.aaai.org/Library/AAAI/2000/aaai00-039.php},
  timestamp = {Tue, 11 Dec 2012 12:57:22 +0100},
  biburl    = {http://dblp.uni-trier.de/rec/bib/conf/aaai/AchlioptasGKS00},
  bibsource = {dblp computer science bibliography, http://dblp.org}
}


@MISC{genSAT,
    author = {M Jarvisalo},
    title = {Equivalence checking hardware multiplier designs},
  booktitle = {SAT Competition 2007 benchmark description}
}


@inproceedings{OBfuscationd-CNFs,
  author    = {Zvika Brakerski and
               Guy N. Rothblum},
  title     = {Black-box obfuscation for d-CNFs},
  booktitle = {Innovations in Theoretical Computer Science, ITCS'14, Princeton, NJ,
               USA, January 12-14, 2014},
  pages     = {235--250},
  year      = {2014},
  crossref  = {DBLP:conf/innovations/2014},
  url       = {http://doi.acm.org/10.1145/2554797.2554820},
  doi       = {10.1145/2554797.2554820},
  timestamp = {Fri, 14 Feb 2014 17:43:13 +0100},
  biburl    = {http://dblp.uni-trier.de/rec/bib/conf/innovations/BrakerskiR14},
  bibsource = {dblp computer science bibliography, http://dblp.org}
}

@inproceedings{R.Gennaro,
  author    = {Rosario Gennaro and
               Craig Gentry and
               Bryan Parno},
  title     = {Non-interactive Verifiable Computing: Outsourcing Computation to Untrusted
               Workers},
  booktitle = {Advances in Cryptology - {CRYPTO} 2010, 30th Annual Cryptology Conference,
               Santa Barbara, CA, USA, August 15-19, 2010. Proceedings},
  pages     = {465--482},
  year      = {2010},
  crossref  = {DBLP:conf/crypto/2010},
  url       = {http://dx.doi.org/10.1007/978-3-642-14623-7_25},
  doi       = {10.1007/978-3-642-14623-7_25},
  timestamp = {Tue, 17 Aug 2010 15:09:53 +0200},
  biburl    = {http://dblp.uni-trier.de/rec/bib/conf/crypto/GennaroGP10},
  bibsource = {dblp computer science bibliography, http://dblp.org}
}

@inproceedings{HV-grid,
  author    = {Wenliang Du and
               Michael T. Goodrich},
  title     = {Searching for High-Value Rare Events with Uncheatable Grid Computing},
  booktitle = {Applied Cryptography and Network Security, Third International Conference,
               {ACNS} 2005, New York, NY, USA, June 7-10, 2005, Proceedings},
  pages     = {122--137},
  year      = {2005},
  crossref  = {DBLP:conf/acns/2005},
  url       = {http://dx.doi.org/10.1007/11496137_9},
  doi       = {10.1007/11496137_9},
  timestamp = {Wed, 01 Jun 2005 07:58:58 +0200},
  biburl    = {http://dblp.uni-trier.de/rec/bib/conf/acns/DuG05},
  bibsource = {dblp computer science bibliography, http://dblp.org}
}

@article{DBLP:journals/ac/AtallahPRS01,
  author    = {Mikhail J. Atallah and
               Konstantinos N. Pantazopoulos and
               John R. Rice and
               Eugene H. Spafford},
  title     = {Secure outsourcing of scientific computations},
  journal   = {Advances in Computers},
  volume    = {54},
  pages     = {215--272},
  year      = {2001},
  url       = {http://dx.doi.org/10.1016/S0065-2458(01)80019-X},
  doi       = {10.1016/S0065-2458(01)80019-X},
  timestamp = {Fri, 04 Jul 2014 14:36:53 +0200},
  biburl    = {http://dblp.uni-trier.de/rec/bib/journals/ac/AtallahPRS01},
  bibsource = {dblp computer science bibliography, http://dblp.org}
}

@article{DBLP:journals/ijisec/AtallahL05,
  author    = {Mikhail J. Atallah and
               Jiangtao Li},
  title     = {Secure outsourcing of sequence comparisons},
  journal   = {Int. J. Inf. Sec.},
  volume    = {4},
  number    = {4},
  pages     = {277--287},
  year      = {2005},
  url       = {http://dx.doi.org/10.1007/s10207-005-0070-3},
  doi       = {10.1007/s10207-005-0070-3},
  timestamp = {Tue, 29 Oct 2013 12:43:01 +0100},
  biburl    = {http://dblp.uni-trier.de/rec/bib/journals/ijisec/AtallahL05},
  bibsource = {dblp computer science bibliography, http://dblp.org}
}


@inproceedings{DBLP:conf/ctrsa/GolleM01,
  author    = {Philippe Golle and
               Ilya Mironov},
  title     = {Uncheatable Distributed Computations},
  booktitle = {Topics in Cryptology - {CT-RSA} 2001, The Cryptographer's Track at
               {RSA} Conference 2001, San Francisco, CA, USA, April 8-12, 2001, Proceedings},
  pages     = {425--440},
  year      = {2001},
  crossref  = {DBLP:conf/ctrsa/2001},
  url       = {http://dx.doi.org/10.1007/3-540-45353-9_31},
  doi       = {10.1007/3-540-45353-9_31},
  timestamp = {Mon, 27 Jun 2011 17:47:55 +0200},
  biburl    = {http://dblp.uni-trier.de/rec/bib/conf/ctrsa/GolleM01},
  bibsource = {dblp computer science bibliography, http://dblp.org}
}

@inproceedings{DBLP:conf/sp/SzajdaLO03,
  author    = {Doug Szajda and
               Barry G. Lawson and
               Jason Owen},
  title     = {Hardening Functions for Large Scale Distributed Computations},
  booktitle = {2003 {IEEE} Symposium on Security and Privacy (S{\&}P 2003), 11-14
               May 2003, Berkeley, CA, {USA}},
  pages     = {216--224},
  year      = {2003},
  crossref  = {DBLP:conf/sp/2003},
  url       = {http://doi.ieeecomputersociety.org/10.1109/SECPRI.2003.1199338},
  doi       = {10.1109/SECPRI.2003.1199338},
  timestamp = {Wed, 26 Oct 2011 12:00:38 +0200},
  biburl    = {http://dblp.uni-trier.de/rec/bib/conf/sp/SzajdaLO03},
  bibsource = {dblp computer science bibliography, http://dblp.org}
}


@inproceedings{Partition,
  author    = {George Karypis and
               Rajat Aggarwal and
               Vipin Kumar and
               Shashi Shekhar},
  title     = {Multilevel Hypergraph Partitioning: Application in {VLSI} Domain},
  booktitle = {{DAC}},
  pages     = {526--529},
  year      = {1997},
  url       = {http://doi.acm.org/10.1145/266021.266273},
  doi       = {10.1145/266021.266273},
  timestamp = {Mon, 16 Dec 2002 10:13:30 +0100},
  biburl    = {http://dblp.uni-trier.de/rec/bib/conf/dac/KarypisAKS97},
  bibsource = {dblp computer science bibliography, http://dblp.org}
}


@inproceedings{DBLP:conf/crypto/BrakerskiR13,
  author    = {Zvika Brakerski and
               Guy N. Rothblum},
  title     = {Obfuscating Conjunctions},
  booktitle = {Advances in Cryptology - {CRYPTO} 2013 - 33rd Annual Cryptology Conference,
               Santa Barbara, CA, USA, August 18-22, 2013. Proceedings, Part {II}},
  pages     = {416--434},
  year      = {2013},
  crossref  = {DBLP:conf/crypto/2013-2},
  url       = {http://dx.doi.org/10.1007/978-3-642-40084-1_24},
  doi       = {10.1007/978-3-642-40084-1_24},
  timestamp = {Wed, 21 Aug 2013 17:36:07 +0200},
  biburl    = {http://dblp.uni-trier.de/rec/bib/conf/crypto/BrakerskiR13},
  bibsource = {dblp computer science bibliography, http://dblp.org}
}


@inproceedings{DBLP:conf/stoc/Gentry09,
  author    = {Craig Gentry},
  title     = {Fully homomorphic encryption using ideal lattices},
  booktitle = {Proceedings of the 41st Annual {ACM} Symposium on Theory of Computing,
               {STOC} 2009, Bethesda, MD, USA, May 31 - June 2, 2009},
  pages     = {169--178},
  year      = {2009},
  crossref  = {DBLP:conf/stoc/2009},
  url       = {http://doi.acm.org/10.1145/1536414.1536440},
  doi       = {10.1145/1536414.1536440},
  timestamp = {Fri, 05 Jun 2009 09:34:35 +0200},
  biburl    = {http://dblp.uni-trier.de/rec/bib/conf/stoc/Gentry09},
  bibsource = {dblp computer science bibliography, http://dblp.org}
}

@inproceedings{DBLP:conf/IEEEcloud/BrunM12,
  author    = {Yuriy Brun and
               Nenad Medvidovic},
  title     = {Keeping Data Private while Computing in the Cloud},
  booktitle = {2012 {IEEE} Fifth International Conference on Cloud Computing, Honolulu,
               HI, USA, June 24-29, 2012},
  pages     = {285--294},
  year      = {2012},
  crossref  = {DBLP:conf/IEEEcloud/2012},
  url       = {http://dx.doi.org/10.1109/CLOUD.2012.126},
  doi       = {10.1109/CLOUD.2012.126},
  timestamp = {Tue, 22 Jul 2014 17:03:28 +0200},
  biburl    = {http://dblp.uni-trier.de/rec/bib/conf/IEEEcloud/BrunM12},
  bibsource = {dblp computer science bibliography, http://dblp.org}
}


@article{DBLP:journals/ac/AtallahPRS01,
  author    = {Mikhail J. Atallah and
               Konstantinos N. Pantazopoulos and
               John R. Rice and
               Eugene H. Spafford},
  title     = {Secure outsourcing of scientific computations},
  journal   = {Advances in Computers},
  volume    = {54},
  pages     = {215--272},
  year      = {2001},
  url       = {http://dx.doi.org/10.1016/S0065-2458(01)80019-X},
  doi       = {10.1016/S0065-2458(01)80019-X},
  timestamp = {Fri, 04 Jul 2014 14:36:53 +0200},
  biburl    = {http://dblp.uni-trier.de/rec/bib/journals/ac/AtallahPRS01},
  bibsource = {dblp computer science bibliography, http://dblp.org}
}


@inproceedings{DBLP:conf/pst/BenjaminA08,
  author    = {David Benjamin and
               Mikhail J. Atallah},
  title     = {Private and Cheating-Free Outsourcing of Algebraic Computations},
  booktitle = {Sixth Annual Conference on Privacy, Security and Trust, {PST} 2008,
               October 1-3, 2008, Fredericton, New Brunswick, Canada},
  pages     = {240--245},
  year      = {2008},
  crossref  = {DBLP:conf/pst/2008},
  url       = {http://dx.doi.org/10.1109/PST.2008.12},
  doi       = {10.1109/PST.2008.12},
  timestamp = {Wed, 25 Mar 2009 22:24:54 +0100},
  biburl    = {http://dblp.uni-trier.de/rec/bib/conf/pst/BenjaminA08},
  bibsource = {dblp computer science bibliography, http://dblp.org}
}

@inproceedings{DBLP:conf/ccs/AtallahF10,
  author    = {Mikhail J. Atallah and
               Keith B. Frikken},
  title     = {Securely outsourcing linear algebra computations},
  booktitle = {Proceedings of the 5th {ACM} Symposium on Information, Computer and
               Communications Security, {ASIACCS} 2010, Beijing, China, April 13-16,
               2010},
  pages     = {48--59},
  year      = {2010},
  crossref  = {DBLP:conf/ccs/2010asia},
  url       = {http://doi.acm.org/10.1145/1755688.1755695},
  doi       = {10.1145/1755688.1755695},
  timestamp = {Fri, 16 Apr 2010 14:11:03 +0200},
  biburl    = {http://dblp.uni-trier.de/rec/bib/conf/ccs/AtallahF10},
  bibsource = {dblp computer science bibliography, http://dblp.org}
}

@article{DBLP:journals/cacm/Shamir79,
  author    = {Adi Shamir},
  title     = {How to Share a Secret},
  journal   = {Commun. {ACM}},
  volume    = {22},
  number    = {11},
  pages     = {612--613},
  year      = {1979},
  url       = {http://doi.acm.org/10.1145/359168.359176},
  doi       = {10.1145/359168.359176},
  timestamp = {Tue, 07 Jun 2011 16:51:19 +0200},
  biburl    = {http://dblp.uni-trier.de/rec/bib/journals/cacm/Shamir79},
  bibsource = {dblp computer science bibliography, http://dblp.org}
}


@article{DBLP:journals/cacm/RivestSA78,
  author    = {Ronald L. Rivest and
               Adi Shamir and
               Leonard M. Adleman},
  title     = {A Method for Obtaining Digital Signatures and Public-Key Cryptosystems},
  journal   = {Commun. {ACM}},
  volume    = {21},
  number    = {2},
  pages     = {120--126},
  year      = {1978},
  url       = {http://doi.acm.org/10.1145/359340.359342},
  doi       = {10.1145/359340.359342},
  timestamp = {Tue, 07 Jun 2011 16:51:11 +0200},
  biburl    = {http://dblp.uni-trier.de/rec/bib/journals/cacm/RivestSA78},
  bibsource = {dblp computer science bibliography, http://dblp.org}
}


@inproceedings{DBLP:conf/crypto/Gamal84,
  author    = {Taher El Gamal},
  title     = {A Public Key Cryptosystem and a Signature Scheme Based on Discrete
               Logarithms},
  booktitle = {Advances in Cryptology, Proceedings of {CRYPTO} '84, Santa Barbara,
               California, USA, August 19-22, 1984, Proceedings},
  pages     = {10--18},
  year      = {1984},
  crossref  = {DBLP:conf/crypto/1984},
  url       = {http://dx.doi.org/10.1007/3-540-39568-7_2},
  doi       = {10.1007/3-540-39568-7_2},
  timestamp = {Fri, 23 Dec 2011 14:54:25 +0100},
  biburl    = {http://dblp.uni-trier.de/rec/bib/conf/crypto/Gamal84},
  bibsource = {dblp computer science bibliography, http://dblp.org}
}

@inproceedings{DBLP:conf/stoc/GoldwasserM82,
  author    = {Shafi Goldwasser and
               Silvio Micali},
  title     = {Probabilistic Encryption and How to Play Mental Poker Keeping Secret
               All Partial Information},
  booktitle = {Proceedings of the 14th Annual {ACM} Symposium on Theory of Computing,
               May 5-7, 1982, San Francisco, California, {USA}},
  pages     = {365--377},
  year      = {1982},
  crossref  = {DBLP:conf/stoc/STOC14},
  url       = {http://doi.acm.org/10.1145/800070.802212},
  doi       = {10.1145/800070.802212},
  timestamp = {Mon, 17 Oct 2011 17:25:06 +0200},
  biburl    = {http://dblp.uni-trier.de/rec/bib/conf/stoc/GoldwasserM82},
  bibsource = {dblp computer science bibliography, http://dblp.org}
}
@proceedings{DBLP:conf/stoc/STOC14,
  editor    = {Harry R. Lewis and
               Barbara B. Simons and
               Walter A. Burkhard and
               Lawrence H. Landweber},
  title     = {Proceedings of the 14th Annual {ACM} Symposium on Theory of Computing,
               May 5-7, 1982, San Francisco, California, {USA}},
  publisher = {{ACM}},
  year      = {1982},
  isbn      = {0-89791-070-2},
  timestamp = {Mon, 17 Oct 2011 15:55:10 +0200},
  biburl    = {http://dblp.uni-trier.de/rec/bib/conf/stoc/STOC14},
  bibsource = {dblp computer science bibliography, http://dblp.org}
}


@inproceedings{DBLP:conf/eurocrypt/Paillier99,
  author    = {Pascal Paillier},
  title     = {Public-Key Cryptosystems Based on Composite Degree Residuosity Classes},
  booktitle = {Advances in Cryptology - {EUROCRYPT} '99, International Conference
               on the Theory and Application of Cryptographic Techniques, Prague,
               Czech Republic, May 2-6, 1999, Proceeding},
  pages     = {223--238},
  year      = {1999},
  crossref  = {DBLP:conf/eurocrypt/99},
  url       = {http://dx.doi.org/10.1007/3-540-48910-X_16},
  doi       = {10.1007/3-540-48910-X_16},
  timestamp = {Fri, 23 Dec 2011 14:54:26 +0100},
  biburl    = {http://dblp.uni-trier.de/rec/bib/conf/eurocrypt/Paillier99},
  bibsource = {dblp computer science bibliography, http://dblp.org}
}

@inproceedings{DBLP:conf/socialcom/BlantonZF11,
  author    = {Marina Blanton and
               Yihua Zhang and
               Keith B. Frikken},
  title     = {Secure and Verifiable Outsourcing of Large-Scale Biometric Computations},
  booktitle = {PASSAT/SocialCom 2011, Privacy, Security, Risk and Trust (PASSAT),
               2011 {IEEE} Third International Conference on and 2011 {IEEE} Third
               International Conference on Social Computing (SocialCom), Boston,
               MA, USA, 9-11 Oct., 2011},
  pages     = {1185--1191},
  year      = {2011},
  crossref  = {DBLP:conf/socialcom/2011},
  url       = {http://doi.ieeecomputersociety.org/10.1109/PASSAT/SocialCom.2011.13},
  doi       = {10.1109/PASSAT/SocialCom.2011.13},
  timestamp = {Sun, 05 May 2013 11:53:35 +0200},
  biburl    = {http://dblp.uni-trier.de/rec/bib/conf/socialcom/BlantonZF11},
  bibsource = {dblp computer science bibliography, http://dblp.org}
}


@article{DBLP:journals/jsyml/Krajicek97,
  author    = {Jan Kraj{\'{\i}}cek},
  title     = {Interpolation Theorems, Lower Bounds for Proof Systems, and Independence
               Results for Bounded Arithmetic},
  journal   = {J. Symb. Log.},
  volume    = {62},
  number    = {2},
  pages     = {457--486},
  year      = {1997},
  url       = {http://dx.doi.org/10.2307/2275541},
  doi       = {10.2307/2275541},
  timestamp = {Tue, 05 Aug 2014 16:36:02 +0200},
  biburl    = {http://dblp.uni-trier.de/rec/bib/journals/jsyml/Krajicek97},
  bibsource = {dblp computer science bibliography, http://dblp.org}
}


@article{DBLP:journals/concurrency/ChrabakhW07,
  author    = {Wahid Chrabakh and
               Richard Wolski},
  title     = {The GridSAT portal: a Grid Web-based portal for solving satisfiability
               problems using the national cyberinfrastructure},
  journal   = {Concurrency and Computation: Practice and Experience},
  volume    = {19},
  number    = {6},
  pages     = {795--808},
  year      = {2007},
  url       = {http://dx.doi.org/10.1002/cpe.1079},
  doi       = {10.1002/cpe.1079},
  timestamp = {Mon, 26 Nov 2007 13:12:25 +0100},
  biburl    = {http://dblp.uni-trier.de/rec/bib/journals/concurrency/ChrabakhW07},
  bibsource = {dblp computer science bibliography, http://dblp.org}
}




@inproceedings{DBLP:conf/cc/BatchelderH07,
  author    = {Michael Batchelder and
               Laurie J. Hendren},
  title     = {Obfuscating Java: The Most Pain for the Least Gain},
  booktitle = {Compiler Construction, 16th International Conference, {CC} 2007, Held
               as Part of the Joint European Conferences on Theory and Practice of
               Software, {ETAPS} 2007, Braga, Portugal, March 26-30, 2007, Proceedings},
  pages     = {96--110},
  year      = {2007},
  crossref  = {DBLP:conf/cc/2007},
  url       = {http://dx.doi.org/10.1007/978-3-540-71229-9_7},
  doi       = {10.1007/978-3-540-71229-9_7},
  timestamp = {Tue, 31 Jul 2007 07:45:31 +0200},
  biburl    = {http://dblp.uni-trier.de/rec/bib/conf/cc/BatchelderH07},
  bibsource = {dblp computer science bibliography, http://dblp.org}
}

@MISC{C_Gentry_phd,
    title = {C Gentry. A fully homomorphic encryption scheme. [PhD thesis], Stanford University, 2009.}
}

@inproceedings{DBLP:conf/focs/Yao82b,
  author    = {Andrew Chi{-}Chih Yao},
  title     = {Protocols for Secure Computations (Extended Abstract)},
  booktitle = {23rd Annual Symposium on Foundations of Computer Science, Chicago,
               Illinois, USA, 3-5 November 1982},
  pages     = {160--164},
  year      = {1982},
  crossref  = {DBLP:conf/focs/FOCS23},
  url       = {http://doi.ieeecomputersociety.org/10.1109/SFCS.1982.38},
  doi       = {10.1109/SFCS.1982.38},
  timestamp = {Wed, 19 Oct 2011 17:11:02 +0200},
  biburl    = {http://dblp.uni-trier.de/rec/bib/conf/focs/Yao82b},
  bibsource = {dblp computer science bibliography, http://dblp.org}
}

@inproceedings{DBLP:conf/apweb/QinSKD14,
  author    = {Ying Qin and
               ShengYu Shen and
               Jingzhu Kong and
               Huadong Dai},
  title     = {Cloud-Oriented {SAT} Solver Based on Obfuscating {CNF} Formula},
  booktitle = {Web Technologies and Applications - APWeb 2014 Workshops, SNA, NIS,
               and IoTS, Changsha, China, September 5, 2014. Proceedings},
  pages     = {188--199},
  year      = {2014},
  crossref  = {DBLP:conf/apweb/2014w},
  url       = {http://dx.doi.org/10.1007/978-3-319-11119-3_18},
  doi       = {10.1007/978-3-319-11119-3_18},
  timestamp = {Fri, 12 Sep 2014 07:48:08 +0200},
  biburl    = {http://dblp.uni-trier.de/rec/bib/conf/apweb/QinSKD14},
  bibsource = {dblp computer science bibliography, http://dblp.org}
}

@inproceedings{qyMemocode14,
  author    = {Ying Qin and
               ShengYu Shen and
               Yan Jia },
  title     = {Structure-Aware CNF Obfuscation for Privacy-Preserving SAT Solving},
  booktitle = {Proceedings of the 12th ACM/IEEE International Conference on Formal Methods and Models for System Design},
  pages     = {84--93},
  year      = {2014}
}


@article{DBLP:journals/corr/cond-mat-0111153,
  author    = {Wolfgang Barthel and
               Alexander K. Hartmann and
               Michele Leone and
               Federico Ricci{-}Tersenghi and
               Martin Weigt and
               Riccardo Zecchina},
  title     = {Hiding solutions in random satisfiability problems: {A} statistical
               mechanics approach},
  journal   = {CoRR},
  volume    = {cond-mat/0111153},
  year      = {2001},
  url       = {http://arxiv.org/abs/cond-mat/0111153},
  timestamp = {Mon, 05 Dec 2011 18:05:10 +0100},
  biburl    = {http://dblp.uni-trier.de/rec/bib/journals/corr/cond-mat-0111153},
  bibsource = {dblp computer science bibliography, http://dblp.org}
}


@article{QinTODAES15,
 author = {Ying Qin and ShengYu Shen and QingBo Wu and HuaDong Dai and Yan Jia.},
 title = {Complementary Synthesis for Encoder with Flow Control Mechanism},
 journal = {accepted by ACM Transactions on Design Automation of Electronic Systems},
 publisher = {ACM Press},
}

@article{DBLP:journals/tcs/McMillan05,
  author    = {Kenneth L. McMillan},
  title     = {An interpolating theorem prover},
  journal   = {Theor. Comput. Sci.},
  volume    = {345},
  number    = {1},
  pages     = {101--121},
  year      = {2005},
  url       = {http://dx.doi.org/10.1016/j.tcs.2005.07.003},
  doi       = {10.1016/j.tcs.2005.07.003},
  timestamp = {Tue, 10 Jan 2006 15:37:04 +0100},
  biburl    = {http://dblp.uni-trier.de/rec/bib/journals/tcs/McMillan05},
  bibsource = {dblp computer science bibliography, http://dblp.org}
}


@inproceedings{DBLP:conf/cav/ClarkeGJLV00,
  author    = {Edmund M. Clarke and
               Orna Grumberg and
               Somesh Jha and
               Yuan Lu and
               Helmut Veith},
  title     = {Counterexample-Guided Abstraction Refinement},
  booktitle = {Computer Aided Verification, 12th International Conference, {CAV}
               2000, Chicago, IL, USA, July 15-19, 2000, Proceedings},
  pages     = {154--169},
  year      = {2000},
  crossref  = {DBLP:conf/cav/2000},
  url       = {http://dx.doi.org/10.1007/10722167_15},
  doi       = {10.1007/10722167_15},
  timestamp = {Tue, 21 Jun 2011 16:38:39 +0200},
  biburl    = {http://dblp.uni-trier.de/rec/bib/conf/cav/ClarkeGJLV00},
  bibsource = {dblp computer science bibliography, http://dblp.org}
}



@inproceedings{DBLP:conf/dac/YuanAAP03,
  author    = {Jun Yuan and
               Ken Albin and
               Adnan Aziz and
               Carl Pixley},
  title     = {Constraint synthesis for environment modeling in functional verification},
  booktitle = {Proceedings of the 40th Design Automation Conference, {DAC} 2003,
               Anaheim, CA, USA, June 2-6, 2003},
  pages     = {296--299},
  year      = {2003},
  crossref  = {DBLP:conf/dac/2003},
  url       = {http://doi.acm.org/10.1145/775832.775909},
  doi       = {10.1145/775832.775909},
  timestamp = {Wed, 30 Nov 2011 16:28:52 +0100},
  biburl    = {http://dblp.uni-trier.de/rec/bib/conf/dac/YuanAAP03},
  bibsource = {dblp computer science bibliography, http://dblp.org}
}




@inproceedings{DBLP:conf/fmcad/AmlaM04,
  author    = {Nina Amla and
               Kenneth L. McMillan},
  title     = {A Hybrid of Counterexample-Based and Proof-Based Abstraction},
  booktitle = {Formal Methods in Computer-Aided Design, 5th International Conference,
               {FMCAD} 2004, Austin, Texas, USA, November 15-17, 2004, Proceedings},
  pages     = {260--274},
  year      = {2004},
  crossref  = {DBLP:conf/fmcad/2004},
  url       = {http://dx.doi.org/10.1007/978-3-540-30494-4_19},
  doi       = {10.1007/978-3-540-30494-4_19},
  timestamp = {Mon, 08 Aug 2011 15:21:24 +0200},
  biburl    = {http://dblp.uni-trier.de/rec/bib/conf/fmcad/AmlaM04},
  bibsource = {dblp computer science bibliography, http://dblp.org}
}




@inproceedings{interp_McMillan,
  author    = {Kenneth L. McMillan},
  title     = {Interpolation and SAT-Based Model Checking},
  booktitle = {Computer Aided Verification, 15th International Conference, {CAV}
               2003, Boulder, CO, USA, July 8-12, 2003, Proceedings},
  pages     = {1--13},
  year      = {2003},
  crossref  = {DBLP:conf/cav/2003},
  url       = {http://dx.doi.org/10.1007/978-3-540-45069-6_1},
  doi       = {10.1007/978-3-540-45069-6_1},
  timestamp = {Fri, 22 Nov 2013 12:57:23 +0100},
  biburl    = {http://dblp.uni-trier.de/rec/bib/conf/cav/McMillan03},
  bibsource = {dblp computer science bibliography, http://dblp.org}
}






@MISC{ether100g,
  title =        {IEEE P802.3bj 100 Gb/s Backplane and Copper Cable Task Force},
  howpublished = {\url{www.ieee802.org/3/bj}},
}


@MISC{fecopt,
  title =        {Should the FEC be Optional for the NRZ PHY},
  howpublished = {\url{http://www.ieee802.org/3/bj/public/mar12/meghelli_01a_0312.pdf}},
}

@MISC{nrz56g,
  title =        {56G NRZ Measured Test Results},
  howpublished = {\url{http://media.wix.com/ugd/720847_e2386823f3ab4d09aba4a4c2d144a6e7.pdf}},
}

@BOOK{gfbook,
  AUTHOR =       {Mullen, Gary L},
  TITLE =        {Handbook of Finite Fields},
  PUBLISHER =    {CRC Press},
  YEAR =         {2013},
}



@article{singularbook,
  author    = {Christoph Lossen},
  title     = {Singular: A Computer Algebra System},
  journal   = {Computing in Science and Engineering},
  volume    = {5},
  number    = {4},
  pages     = {45--55},
  year      = {2003},
}



@article{DBLP:journals/tc/Bryant86,
  author    = {Randal E. Bryant},
  title     = {Graph-Based Algorithms for Boolean Function Manipulation},
  journal   = {{IEEE} Trans. Computers},
  volume    = {35},
  number    = {8},
  pages     = {677--691},
  year      = {1986},
  url       = {http://doi.ieeecomputersociety.org/10.1109/TC.1986.1676819},
  doi       = {10.1109/TC.1986.1676819},
  timestamp = {Thu, 27 Oct 2011 17:40:03 +0200},
  biburl    = {http://dblp.uni-trier.de/rec/bib/journals/tc/Bryant86},
  bibsource = {dblp computer science bibliography, http://dblp.org}
}



@inproceedings{DBLP:conf/dac/MoskewiczMZZM01,
  author    = {Matthew W. Moskewicz and
               Conor F. Madigan and
               Ying Zhao and
               Lintao Zhang and
               Sharad Malik},
  title     = {Chaff: Engineering an Efficient {SAT} Solver},
  booktitle = {Proceedings of the 38th Design Automation Conference, {DAC} 2001,
               Las Vegas, NV, USA, June 18-22, 2001},
  pages     = {530--535},
  year      = {2001},
  crossref  = {DBLP:conf/dac/2001},
  url       = {http://doi.acm.org/10.1145/378239.379017},
  doi       = {10.1145/378239.379017},
  timestamp = {Tue, 15 Nov 2011 16:45:56 +0100},
  biburl    = {http://dblp.uni-trier.de/rec/bib/conf/dac/MoskewiczMZZM01},
  bibsource = {dblp computer science bibliography, http://dblp.org}
}



@inproceedings{DBLP:conf/fmcad/LvovLPSE12,
  author    = {Alexey Lvov and
               Luis Alfonso Lastras{-}Monta{\~{n}}o and
               Viresh Paruthi and
               Robert Shadowen and
               Ali El{-}Zein},
  title     = {Formal verification of error correcting circuits using computational
               algebraic geometry},
  booktitle = {Formal Methods in Computer-Aided Design, {FMCAD} 2012, Cambridge,
               UK, October 22-25, 2012},
  pages     = {141--148},
  year      = {2012},
  crossref  = {DBLP:conf/fmcad/2012},
  url       = {http://ieeexplore.ieee.org/xpl/articleDetails.jsp?arnumber=6462566},
  timestamp = {Sat, 27 Sep 2014 18:46:01 +0200},
  biburl    = {http://dblp.uni-trier.de/rec/bib/conf/fmcad/LvovLPSE12},
  bibsource = {dblp computer science bibliography, http://dblp.org}
}

@article{DBLP:journals/fmsd/LvovLTPSE14,
  author    = {Alexey Lvov and
               Luis Alfonso Lastras{-}Monta{\~{n}}o and
               Barry M. Trager and
               Viresh Paruthi and
               Robert Shadowen and
               Ali El{-}Zein},
  title     = {Verification of Galois field based circuits by formal reasoning based
               on computational algebraic geometry},
  journal   = {Formal Methods in System Design},
  volume    = {45},
  number    = {2},
  pages     = {189--212},
  year      = {2014},
  url       = {http://dx.doi.org/10.1007/s10703-014-0206-z},
  doi       = {10.1007/s10703-014-0206-z},
  timestamp = {Thu, 02 Oct 2014 12:33:32 +0200},
  biburl    = {http://dblp.uni-trier.de/rec/bib/journals/fmsd/LvovLTPSE14},
  bibsource = {dblp computer science bibliography, http://dblp.org}
}






@inproceedings{DBLP:conf/tacas/BiereCCZ99,
  author    = {Armin Biere and
               Alessandro Cimatti and
               Edmund M. Clarke and
               Yunshan Zhu},
  title     = {Symbolic Model Checking without BDDs},
  booktitle = {Tools and Algorithms for Construction and Analysis of Systems, 5th
               International Conference, {TACAS} '99, Held as Part of the European
               Joint Conferences on the Theory and Practice of Software, ETAPS'99,
               Amsterdam, The Netherlands, March 22-28, 1999, Proceedings},
  pages     = {193--207},
  year      = {1999},
  crossref  = {DBLP:conf/tacas/1999},
  url       = {http://dx.doi.org/10.1007/3-540-49059-0_14},
  doi       = {10.1007/3-540-49059-0_14},
  timestamp = {Fri, 17 Jun 2011 14:14:03 +0200},
  biburl    = {http://dblp.uni-trier.de/rec/bib/conf/tacas/BiereCCZ99},
  bibsource = {dblp computer science bibliography, http://dblp.org}
}



@inproceedings{DBLP:conf/cav/KroeningOSWW11,
  author    = {Daniel Kroening and
               Jo{\"{e}}l Ouaknine and
               Ofer Strichman and
               Thomas Wahl and
               James Worrell},
  title     = {Linear Completeness Thresholds for Bounded Model Checking},
  booktitle = {Computer Aided Verification - 23rd International Conference, {CAV}
               2011, Snowbird, UT, USA, July 14-20, 2011. Proceedings},
  pages     = {557--572},
  year      = {2011},
  crossref  = {DBLP:conf/cav/2011},
  url       = {http://dx.doi.org/10.1007/978-3-642-22110-1_44},
  doi       = {10.1007/978-3-642-22110-1_44},
  timestamp = {Mon, 11 Jul 2011 13:24:02 +0200},
  biburl    = {http://dblp.uni-trier.de/rec/bib/conf/cav/KroeningOSWW11},
  bibsource = {dblp computer science bibliography, http://dblp.org}
}

@proceedings{DBLP:conf/cav/2011,
  editor    = {Ganesh Gopalakrishnan and
               Shaz Qadeer},
  title     = {Computer Aided Verification - 23rd International Conference, {CAV}
               2011, Snowbird, UT, USA, July 14-20, 2011. Proceedings},
  series    = {Lecture Notes in Computer Science},
  volume    = {6806},
  publisher = {Springer},
  year      = {2011},
  url       = {http://dx.doi.org/10.1007/978-3-642-22110-1},
  doi       = {10.1007/978-3-642-22110-1},
  isbn      = {978-3-642-22109-5},
  timestamp = {Mon, 11 Jul 2011 13:20:54 +0200},
  biburl    = {http://dblp.uni-trier.de/rec/bib/conf/cav/2011},
  bibsource = {dblp computer science bibliography, http://dblp.org}
}




























@proceedings{DBLP:conf/crypto/1984,
  editor    = {G. R. Blakley and
               David Chaum},
  title     = {Advances in Cryptology, Proceedings of {CRYPTO} '84, Santa Barbara,
               California, USA, August 19-22, 1984, Proceedings},
  series    = {Lecture Notes in Computer Science},
  volume    = {196},
  publisher = {Springer},
  year      = {1985},
  isbn      = {3-540-15658-5},
  timestamp = {Thu, 07 Feb 2002 09:59:41 +0100},
  biburl    = {http://dblp.uni-trier.de/rec/bib/conf/crypto/1984},
  bibsource = {dblp computer science bibliography, http://dblp.org}
}

@proceedings{DBLP:conf/eurocrypt/99,
  editor    = {Jacques Stern},
  title     = {Advances in Cryptology - {EUROCRYPT} '99, International Conference
               on the Theory and Application of Cryptographic Techniques, Prague,
               Czech Republic, May 2-6, 1999, Proceeding},
  series    = {Lecture Notes in Computer Science},
  volume    = {1592},
  publisher = {Springer},
  year      = {1999},
  isbn      = {3-540-65889-0},
  timestamp = {Tue, 30 Apr 2002 07:51:53 +0200},
  biburl    = {http://dblp.uni-trier.de/rec/bib/conf/eurocrypt/99},
  bibsource = {dblp computer science bibliography, http://dblp.org}
}


@proceedings{DBLP:conf/tacas/1999,
  editor    = {Rance Cleaveland},
  title     = {Tools and Algorithms for Construction and Analysis of Systems, 5th
               International Conference, {TACAS} '99, Held as Part of the European
               Joint Conferences on the Theory and Practice of Software, ETAPS'99,
               Amsterdam, The Netherlands, March 22-28, 1999, Proceedings},
  series    = {Lecture Notes in Computer Science},
  volume    = {1579},
  publisher = {Springer},
  year      = {1999},
  isbn      = {3-540-65703-7},
  timestamp = {Mon, 18 Mar 2002 12:19:39 +0100},
  biburl    = {http://dblp.uni-trier.de/rec/bib/conf/tacas/1999},
  bibsource = {dblp computer science bibliography, http://dblp.org}
}



@proceedings{DBLP:conf/cav/2000,
  editor    = {E. Allen Emerson and
               A. Prasad Sistla},
  title     = {Computer Aided Verification, 12th International Conference, {CAV}
               2000, Chicago, IL, USA, July 15-19, 2000, Proceedings},
  series    = {Lecture Notes in Computer Science},
  volume    = {1855},
  publisher = {Springer},
  year      = {2000},
  isbn      = {3-540-67770-4},
  timestamp = {Thu, 03 Jan 2002 11:54:21 +0100},
  biburl    = {http://dblp.uni-trier.de/rec/bib/conf/cav/2000},
  bibsource = {dblp computer science bibliography, http://dblp.org}
}



@proceedings{DBLP:conf/aaai/2000,
  editor    = {Henry A. Kautz and
               Bruce W. Porter},
  title     = {Proceedings of the Seventeenth National Conference on Artificial Intelligence
               and Twelfth Conference on on Innovative Applications of Artificial
               Intelligence, July 30 - August 3, 2000, Austin, Texas, {USA}},
  publisher = {{AAAI} Press / The {MIT} Press},
  year      = {2000},
  url       = {http://www.aaai.org/Conferences/AAAI/aaai00.php},
  isbn      = {0-262-51112-6},
  timestamp = {Thu, 01 Dec 2011 17:16:20 +0100},
  biburl    = {http://dblp.uni-trier.de/rec/bib/conf/aaai/2000},
  bibsource = {dblp computer science bibliography, http://dblp.org}
}

@proceedings{DBLP:conf/dac/2001,
  title     = {Proceedings of the 38th Design Automation Conference, {DAC} 2001,
               Las Vegas, NV, USA, June 18-22, 2001},
  publisher = {{ACM}},
  year      = {2001},
  url       = {http://dl.acm.org/citation.cfm?id=378239},
  isbn      = {1-58113-297-2},
  timestamp = {Tue, 15 Nov 2011 16:45:56 +0100},
  biburl    = {http://dblp.uni-trier.de/rec/bib/conf/dac/2001},
  bibsource = {dblp computer science bibliography, http://dblp.org}
}


@proceedings{DBLP:conf/ctrsa/2001,
  editor    = {David Naccache},
  title     = {Topics in Cryptology - {CT-RSA} 2001, The Cryptographer's Track at
               {RSA} Conference 2001, San Francisco, CA, USA, April 8-12, 2001, Proceedings},
  series    = {Lecture Notes in Computer Science},
  volume    = {2020},
  publisher = {Springer},
  year      = {2001},
  isbn      = {3-540-41898-9},
  timestamp = {Thu, 03 Jan 2002 11:56:00 +0100},
  biburl    = {http://dblp.uni-trier.de/rec/bib/conf/ctrsa/2001},
  bibsource = {dblp computer science bibliography, http://dblp.org}
}

@proceedings{DBLP:conf/cp/2002,
  editor    = {Pascal Van Hentenryck},
  title     = {Principles and Practice of Constraint Programming - {CP} 2002, 8th
               International Conference, {CP} 2002, Ithaca, NY, USA, September 9-13,
               2002, Proceedings},
  series    = {Lecture Notes in Computer Science},
  volume    = {2470},
  publisher = {Springer},
  year      = {2002},
  isbn      = {3-540-44120-4},
  timestamp = {Wed, 09 Oct 2002 09:19:53 +0200},
  biburl    = {http://dblp.uni-trier.de/rec/bib/conf/cp/2002},
  bibsource = {dblp computer science bibliography, http://dblp.org}
}




@proceedings{DBLP:conf/sp/2003,
  title     = {2003 {IEEE} Symposium on Security and Privacy (S{\&}P 2003), 11-14
               May 2003, Berkeley, CA, {USA}},
  publisher = {{IEEE} Computer Society},
  year      = {2003},
  isbn      = {0-7695-1940-7},
  timestamp = {Tue, 01 Jul 2003 11:02:59 +0200},
  biburl    = {http://dblp.uni-trier.de/rec/bib/conf/sp/2003},
  bibsource = {dblp computer science bibliography, http://dblp.org}
}


@proceedings{DBLP:conf/dac/2003,
  title     = {Proceedings of the 40th Design Automation Conference, {DAC} 2003,
               Anaheim, CA, USA, June 2-6, 2003},
  publisher = {{ACM}},
  year      = {2003},
  url       = {http://dl.acm.org/citation.cfm?id=775832},
  isbn      = {1-58113-688-9},
  timestamp = {Wed, 30 Nov 2011 16:28:52 +0100},
  biburl    = {http://dblp.uni-trier.de/rec/bib/conf/dac/2003},
  bibsource = {dblp computer science bibliography, http://dblp.org}
}

@proceedings{DBLP:conf/cav/2003,
  editor    = {Warren A. Hunt Jr. and
               Fabio Somenzi},
  title     = {Computer Aided Verification, 15th International Conference, {CAV}
               2003, Boulder, CO, USA, July 8-12, 2003, Proceedings},
  series    = {Lecture Notes in Computer Science},
  volume    = {2725},
  publisher = {Springer},
  year      = {2003},
  isbn      = {3-540-40524-0},
  timestamp = {Thu, 09 Oct 2003 12:34:44 +0200},
  biburl    = {http://dblp.uni-trier.de/rec/bib/conf/cav/2003},
  bibsource = {dblp computer science bibliography, http://dblp.org}
}


@proceedings{DBLP:conf/fmcad/2004,
  editor    = {Alan J. Hu and
               Andrew K. Martin},
  title     = {Formal Methods in Computer-Aided Design, 5th International Conference,
               {FMCAD} 2004, Austin, Texas, USA, November 15-17, 2004, Proceedings},
  series    = {Lecture Notes in Computer Science},
  volume    = {3312},
  publisher = {Springer},
  year      = {2004},
  isbn      = {3-540-23738-0},
  timestamp = {Thu, 24 Apr 2008 11:56:50 +0200},
  biburl    = {http://dblp.uni-trier.de/rec/bib/conf/fmcad/2004},
  bibsource = {dblp computer science bibliography, http://dblp.org}
}


@proceedings{DBLP:conf/acns/2005,
  editor    = {John Ioannidis and
               Angelos D. Keromytis and
               Moti Yung},
  title     = {Applied Cryptography and Network Security, Third International Conference,
               {ACNS} 2005, New York, NY, USA, June 7-10, 2005, Proceedings},
  series    = {Lecture Notes in Computer Science},
  volume    = {3531},
  year      = {2005},
  isbn      = {3-540-26223-7},
  timestamp = {Wed, 01 Jun 2005 07:58:58 +0200},
  biburl    = {http://dblp.uni-trier.de/rec/bib/conf/acns/2005},
  bibsource = {dblp computer science bibliography, http://dblp.org}
}

@proceedings{DBLP:conf/vlsid/2007,
  title     = {20th International Conference on {VLSI} Design {(VLSI} Design 2007),
               Sixth International Conference on Embedded Systems {(ICES} 2007),
               6-10 January 2007, Bangalore, India},
  publisher = {{IEEE} Computer Society},
  year      = {2007},
  isbn      = {0-7695-2502-4},
  timestamp = {Mon, 26 Mar 2007 15:13:02 +0200},
  biburl    = {http://dblp.uni-trier.de/rec/bib/conf/vlsid/2007},
  bibsource = {dblp computer science bibliography, http://dblp.org}
}


@proceedings{DBLP:conf/cc/2007,
  editor    = {Shriram Krishnamurthi and
               Martin Odersky},
  title     = {Compiler Construction, 16th International Conference, {CC} 2007, Held
               as Part of the Joint European Conferences on Theory and Practice of
               Software, {ETAPS} 2007, Braga, Portugal, March 26-30, 2007, Proceedings},
  series    = {Lecture Notes in Computer Science},
  volume    = {4420},
  publisher = {Springer},
  year      = {2007},
  isbn      = {978-3-540-71228-2},
  timestamp = {Tue, 31 Jul 2007 07:45:31 +0200},
  biburl    = {http://dblp.uni-trier.de/rec/bib/conf/cc/2007},
  bibsource = {dblp computer science bibliography, http://dblp.org}
}

@proceedings{DBLP:conf/pst/2008,
  editor    = {Larry Korba and
               Steve Marsh and
               Reihaneh Safavi{-}Naini},
  title     = {Sixth Annual Conference on Privacy, Security and Trust, {PST} 2008,
               October 1-3, 2008, Fredericton, New Brunswick, Canada},
  publisher = {{IEEE}},
  year      = {2008},
  isbn      = {978-0-7695-3390-2},
  timestamp = {Wed, 25 Mar 2009 22:24:54 +0100},
  biburl    = {http://dblp.uni-trier.de/rec/bib/conf/pst/2008},
  bibsource = {dblp computer science bibliography, http://dblp.org}
}

@proceedings{DBLP:conf/ccs/2009,
  editor    = {Ehab Al{-}Shaer and
               Somesh Jha and
               Angelos D. Keromytis},
  title     = {Proceedings of the 2009 {ACM} Conference on Computer and Communications
               Security, {CCS} 2009, Chicago, Illinois, USA, November 9-13, 2009},
  publisher = {{ACM}},
  year      = {2009},
  isbn      = {978-1-60558-894-0},
  timestamp = {Wed, 25 Nov 2009 10:26:38 +0100},
  biburl    = {http://dblp.uni-trier.de/rec/bib/conf/ccs/2009},
  bibsource = {dblp computer science bibliography, http://dblp.org}
}

@proceedings{DBLP:conf/sat/2009,
  editor    = {Oliver Kullmann},
  title     = {Theory and Applications of Satisfiability Testing - {SAT} 2009, 12th
               International Conference, {SAT} 2009, Swansea, UK, June 30 - July
               3, 2009. Proceedings},
  series    = {Lecture Notes in Computer Science},
  volume    = {5584},
  publisher = {Springer},
  year      = {2009},
  url       = {http://dx.doi.org/10.1007/978-3-642-02777-2},
  doi       = {10.1007/978-3-642-02777-2},
  isbn      = {978-3-642-02776-5},
  timestamp = {Thu, 09 Jul 2009 07:41:51 +0200},
  biburl    = {http://dblp.uni-trier.de/rec/bib/conf/sat/2009},
  bibsource = {dblp computer science bibliography, http://dblp.org}
}
@proceedings{DBLP:conf/stoc/2009,
  editor    = {Michael Mitzenmacher},
  title     = {Proceedings of the 41st Annual {ACM} Symposium on Theory of Computing,
               {STOC} 2009, Bethesda, MD, USA, May 31 - June 2, 2009},
  publisher = {{ACM}},
  year      = {2009},
  isbn      = {978-1-60558-506-2},
  timestamp = {Fri, 05 Jun 2009 09:31:27 +0200},
  biburl    = {http://dblp.uni-trier.de/rec/bib/conf/stoc/2009},
  bibsource = {dblp computer science bibliography, http://dblp.org}
}

@proceedings{DBLP:conf/ccs/2010asia,
  editor    = {Dengguo Feng and
               David A. Basin and
               Peng Liu},
  title     = {Proceedings of the 5th {ACM} Symposium on Information, Computer and
               Communications Security, {ASIACCS} 2010, Beijing, China, April 13-16,
               2010},
  publisher = {{ACM}},
  year      = {2010},
  isbn      = {978-1-60558-936-7},
  timestamp = {Fri, 16 Apr 2010 13:56:45 +0200},
  biburl    = {http://dblp.uni-trier.de/rec/bib/conf/ccs/2010asia},
  bibsource = {dblp computer science bibliography, http://dblp.org}
}

@proceedings{DBLP:conf/crypto/2010,
  editor    = {Tal Rabin},
  title     = {Advances in Cryptology - {CRYPTO} 2010, 30th Annual Cryptology Conference,
               Santa Barbara, CA, USA, August 15-19, 2010. Proceedings},
  series    = {Lecture Notes in Computer Science},
  volume    = {6223},
  publisher = {Springer},
  year      = {2010},
  url       = {http://dx.doi.org/10.1007/978-3-642-14623-7},
  doi       = {10.1007/978-3-642-14623-7},
  isbn      = {978-3-642-14622-0},
  timestamp = {Tue, 17 Aug 2010 15:08:02 +0200},
  biburl    = {http://dblp.uni-trier.de/rec/bib/conf/crypto/2010},
  bibsource = {dblp computer science bibliography, http://dblp.org}
}
@proceedings{DBLP:conf/cp/2011,
  editor    = {Jimmy Ho{-}Man Lee},
  title     = {Principles and Practice of Constraint Programming - {CP} 2011 - 17th
               International Conference, {CP} 2011, Perugia, Italy, September 12-16,
               2011. Proceedings},
  series    = {Lecture Notes in Computer Science},
  volume    = {6876},
  publisher = {Springer},
  year      = {2011},
  url       = {http://dx.doi.org/10.1007/978-3-642-23786-7},
  doi       = {10.1007/978-3-642-23786-7},
  isbn      = {978-3-642-23785-0},
  timestamp = {Fri, 02 Sep 2011 15:32:47 +0200},
  biburl    = {http://dblp.uni-trier.de/rec/bib/conf/cp/2011},
  bibsource = {dblp computer science bibliography, http://dblp.org}
}

@proceedings{DBLP:conf/infocom/2011,
  title     = {{INFOCOM} 2011. 30th {IEEE} International Conference on Computer Communications,
               Joint Conference of the {IEEE} Computer and Communications Societies,
               10-15 April 2011, Shanghai, China},
  publisher = {{IEEE}},
  year      = {2011},
  timestamp = {Fri, 01 Jul 2011 08:34:53 +0200},
  biburl    = {http://dblp.uni-trier.de/rec/bib/conf/infocom/2011},
  bibsource = {dblp computer science bibliography, http://dblp.org}
}
@proceedings{DBLP:conf/socialcom/2011,
  title     = {PASSAT/SocialCom 2011, Privacy, Security, Risk and Trust (PASSAT),
               2011 {IEEE} Third International Conference on and 2011 {IEEE} Third
               International Conference on Social Computing (SocialCom), Boston,
               MA, USA, 9-11 Oct., 2011},
  publisher = {{IEEE}},
  year      = {2011},
  url       = {http://ieeexplore.ieee.org/xpl/mostRecentIssue.jsp?punumber=6112285},
  isbn      = {978-1-4577-1931-8},
  timestamp = {Sun, 05 May 2013 11:53:35 +0200},
  biburl    = {http://dblp.uni-trier.de/rec/bib/conf/socialcom/2011},
  bibsource = {dblp computer science bibliography, http://dblp.org}
}
@proceedings{DBLP:conf/IEEEcloud/2012,
  editor    = {Rong Chang},
  title     = {2012 {IEEE} Fifth International Conference on Cloud Computing, Honolulu,
               HI, USA, June 24-29, 2012},
  publisher = {{IEEE}},
  year      = {2012},
  url       = {http://ieeexplore.ieee.org/xpl/mostRecentIssue.jsp?punumber=6253102},
  isbn      = {978-1-4673-2892-0},
  timestamp = {Wed, 29 Aug 2012 17:38:30 +0200},
  biburl    = {http://dblp.uni-trier.de/rec/bib/conf/IEEEcloud/2012},
  bibsource = {dblp computer science bibliography, http://dblp.org}
}
@proceedings{DBLP:conf/sac/2012,
  editor    = {Sascha Ossowski and
               Paola Lecca},
  title     = {Proceedings of the {ACM} Symposium on Applied Computing, {SAC} 2012,
               Riva, Trento, Italy, March 26-30, 2012},
  publisher = {{ACM}},
  year      = {2012},
  url       = {http://dl.acm.org/citation.cfm?id=2245276},
  isbn      = {978-1-4503-0857-1},
  timestamp = {Fri, 08 Jun 2012 17:50:20 +0200},
  biburl    = {http://dblp.uni-trier.de/rec/bib/conf/sac/2012},
  bibsource = {dblp computer science bibliography, http://dblp.org}
}

@proceedings{DBLP:conf/fmcad/2012,
  editor    = {Gianpiero Cabodi and
               Satnam Singh},
  title     = {Formal Methods in Computer-Aided Design, {FMCAD} 2012, Cambridge,
               UK, October 22-25, 2012},
  publisher = {{IEEE}},
  year      = {2012},
  url       = {http://ieeexplore.ieee.org/xpl/mostRecentIssue.jsp?punumber=6450168},
  timestamp = {Fri, 15 Mar 2013 09:40:03 +0100},
  biburl    = {http://dblp.uni-trier.de/rec/bib/conf/fmcad/2012},
  bibsource = {dblp computer science bibliography, http://dblp.org}
}



@proceedings{DBLP:conf/crypto/2013-2,
  editor    = {Ran Canetti and
               Juan A. Garay},
  title     = {Advances in Cryptology - {CRYPTO} 2013 - 33rd Annual Cryptology Conference,
               Santa Barbara, CA, USA, August 18-22, 2013. Proceedings, Part {II}},
  series    = {Lecture Notes in Computer Science},
  volume    = {8043},
  publisher = {Springer},
  year      = {2013},
  url       = {http://dx.doi.org/10.1007/978-3-642-40084-1},
  doi       = {10.1007/978-3-642-40084-1},
  isbn      = {978-3-642-40083-4},
  timestamp = {Wed, 21 Aug 2013 17:31:44 +0200},
  biburl    = {http://dblp.uni-trier.de/rec/bib/conf/crypto/2013-2},
  bibsource = {dblp computer science bibliography, http://dblp.org}
}



@proceedings{DBLP:conf/innovations/2014,
  editor    = {Moni Naor},
  title     = {Innovations in Theoretical Computer Science, ITCS'14, Princeton, NJ,
               USA, January 12-14, 2014},
  publisher = {{ACM}},
  year      = {2014},
  url       = {http://dl.acm.org/citation.cfm?id=2554797},
  isbn      = {978-1-4503-2698-8},
  timestamp = {Fri, 14 Feb 2014 17:36:37 +0100},
  biburl    = {http://dblp.uni-trier.de/rec/bib/conf/innovations/2014},
  bibsource = {dblp computer science bibliography, http://dblp.org}
}


@proceedings{DBLP:conf/apweb/2014w,
  editor    = {Weihong Han and
               Zi Huang and
               Changjun Hu and
               Hongli Zhang and
               Li Guo},
  title     = {Web Technologies and Applications - APWeb 2014 Workshops, SNA, NIS,
               and IoTS, Changsha, China, September 5, 2014. Proceedings},
  series    = {Lecture Notes in Computer Science},
  volume    = {8710},
  publisher = {Springer},
  year      = {2014},
  url       = {http://dx.doi.org/10.1007/978-3-319-11119-3},
  doi       = {10.1007/978-3-319-11119-3},
  isbn      = {978-3-319-11118-6},
  timestamp = {Thu, 11 Sep 2014 14:25:29 +0200},
  biburl    = {http://dblp.uni-trier.de/rec/bib/conf/apweb/2014w},
  bibsource = {dblp computer science bibliography, http://dblp.org}
}










@proceedings{DBLP:conf/focs/FOCS23,
  title     = {23rd Annual Symposium on Foundations of Computer Science, Chicago,
               Illinois, USA, 3-5 November 1982},
  publisher = {{IEEE} Computer Society},
  year      = {1982},
  timestamp = {Tue, 18 Oct 2011 17:44:36 +0200},
  biburl    = {http://dblp.uni-trier.de/rec/bib/conf/focs/FOCS23},
  bibsource = {dblp computer science bibliography, http://dblp.org}
}





@inproceedings{DBLP:conf/fmcad/ShenQZL10,
  author    = {ShengYu Shen and
               Ying Qin and
               Jianmin Zhang and
               Sikun Li},
  title     = {A halting algorithm to determine the existence of decoder},
  booktitle = {Proceedings of 10th International Conference on Formal Methods in
               Computer-Aided Design, {FMCAD} 2010, Lugano, Switzerland, October
               20-23},
  pages     = {91--99},
  year      = {2010},
  crossref  = {DBLP:conf/fmcad/2010},
  url       = {http://ieeexplore.ieee.org/xpls/abs_all.jsp?arnumber=5770937},
  timestamp = {Mon, 20 Jun 2011 07:23:55 +0200},
  biburl    = {http://dblp.uni-trier.de/rec/bib/conf/fmcad/ShenQZL10},
  bibsource = {dblp computer science bibliography, http://dblp.org}
}

@proceedings{DBLP:conf/fmcad/2010,
  editor    = {Roderick Bloem and
               Natasha Sharygina},
  title     = {Proceedings of 10th International Conference on Formal Methods in
               Computer-Aided Design, {FMCAD} 2010, Lugano, Switzerland, October
               20-23},
  publisher = {{IEEE}},
  year      = {2010},
  timestamp = {Mon, 20 Jun 2011 07:23:55 +0200},
  biburl    = {http://dblp.uni-trier.de/rec/bib/conf/fmcad/2010},
  bibsource = {dblp computer science bibliography, http://dblp.org}
}




@inproceedings{DBLP:conf/memocode/QinSJ14,
  author    = {Ying Qin and
               ShengYu Shen and
               Yan Jia},
  title     = {Structure-aware {CNF} obfuscation for privacy-preserving {SAT} solving},
  booktitle = {Twelfth {ACM/IEEE} International Conference on Formal Methods and
               Models for Codesign, {MEMOCODE} 2014, Lausanne, Switzerland, October
               19-21, 2014},
  pages     = {84--93},
  year      = {2014},
  crossref  = {DBLP:conf/memocode/2014},
  url       = {http://dx.doi.org/10.1109/MEMCOD.2014.6961846},
  doi       = {10.1109/MEMCOD.2014.6961846},
  timestamp = {Mon, 15 Jun 2015 17:15:41 +0200},
  biburl    = {http://dblp.uni-trier.de/rec/bib/conf/memocode/QinSJ14},
  bibsource = {dblp computer science bibliography, http://dblp.org}
}

@proceedings{DBLP:conf/memocode/2014,
  title     = {Twelfth {ACM/IEEE} International Conference on Formal Methods and
               Models for Codesign, {MEMOCODE} 2014, Lausanne, Switzerland, October
               19-21, 2014},
  publisher = {{IEEE}},
  year      = {2014},
  url       = {http://ieeexplore.ieee.org/xpl/mostRecentIssue.jsp?punumber=6950639},
  timestamp = {Mon, 15 Jun 2015 17:14:33 +0200},
  biburl    = {http://dblp.uni-trier.de/rec/bib/conf/memocode/2014},
  bibsource = {dblp computer science bibliography, http://dblp.org}
}



@inproceedings{DBLP:conf/apweb/QinSKD14,
  author    = {Ying Qin and
               ShengYu Shen and
               Jingzhu Kong and
               Huadong Dai},
  title     = {Cloud-Oriented {SAT} Solver Based on Obfuscating {CNF} Formula},
  booktitle = {Web Technologies and Applications - APWeb 2014 Workshops, SNA, NIS,
               and IoTS, Changsha, China, September 5, 2014. Proceedings},
  pages     = {188--199},
  year      = {2014},
  crossref  = {DBLP:conf/apweb/2014w},
  url       = {http://dx.doi.org/10.1007/978-3-319-11119-3_18},
  doi       = {10.1007/978-3-319-11119-3_18},
  timestamp = {Fri, 12 Sep 2014 07:48:08 +0200},
  biburl    = {http://dblp.uni-trier.de/rec/bib/conf/apweb/QinSKD14},
  bibsource = {dblp computer science bibliography, http://dblp.org}
}

@proceedings{DBLP:conf/apweb/2014w,
  editor    = {Weihong Han and
               Zi Huang and
               Changjun Hu and
               Hongli Zhang and
               Li Guo},
  title     = {Web Technologies and Applications - APWeb 2014 Workshops, SNA, NIS,
               and IoTS, Changsha, China, September 5, 2014. Proceedings},
  series    = {Lecture Notes in Computer Science},
  volume    = {8710},
  publisher = {Springer},
  year      = {2014},
  url       = {http://dx.doi.org/10.1007/978-3-319-11119-3},
  doi       = {10.1007/978-3-319-11119-3},
  isbn      = {978-3-319-11118-6},
  timestamp = {Thu, 11 Sep 2014 14:25:29 +0200},
  biburl    = {http://dblp.uni-trier.de/rec/bib/conf/apweb/2014w},
  bibsource = {dblp computer science bibliography, http://dblp.org}
}


@article{DBLP:journals/tc/JiangLMH10,
  author    = {Jie{-}Hong Roland Jiang and
               Chih{-}Chun Lee and
               Alan Mishchenko and
               Chung{-}Yang Huang},
  title     = {To {SAT} or Not to {SAT:} Scalable Exploration of Functional Dependency},
  journal   = {{IEEE} Trans. Computers},
  volume    = {59},
  number    = {4},
  pages     = {457--467},
  year      = {2010},
  url       = {http://doi.ieeecomputersociety.org/10.1109/TC.2010.12},
  doi       = {10.1109/TC.2010.12},
  timestamp = {Fri, 18 Feb 2011 19:06:26 +0100},
  biburl    = {http://dblp.uni-trier.de/rec/bib/journals/tc/JiangLMH10},
  bibsource = {dblp computer science bibliography, http://dblp.org}
}




@MISC{DesignCompiler,
  title =        {DesignCompiler},
  howpublished = {\url{http://www.synopsys.com/Tools/Implementation/RTLSynthesis/DesignCompiler/Pages/default.aspx}},
}

@MISC{cudd,
  title =        {cudd},
  howpublished = {\url{http://vlsi.colorado.edu/~fabio/CUDD/cuddIntro.html}},
}


@article{DBLP:journals/jcs/ClarksonS10,
  author    = {Michael R. Clarkson and
               Fred B. Schneider},
  title     = {Hyperproperties},
  journal   = {Journal of Computer Security},
  volume    = {18},
  number    = {6},
  pages     = {1157--1210},
  year      = {2010},
  url       = {http://dx.doi.org/10.3233/JCS-2009-0393},
  doi       = {10.3233/JCS-2009-0393},
  timestamp = {Mon, 25 Oct 2010 13:04:45 +0200},
  biburl    = {http://dblp.uni-trier.de/rec/bib/journals/jcs/ClarksonS10},
  bibsource = {dblp computer science bibliography, http://dblp.org}
}




@inproceedings{DBLP:conf/post/ClarksonFKMRS14,
  author    = {Michael R. Clarkson and
               Bernd Finkbeiner and
               Masoud Koleini and
               Kristopher K. Micinski and
               Markus N. Rabe and
               C{\'{e}}sar S{\'{a}}nchez},
  title     = {Temporal Logics for Hyperproperties},
  booktitle = {Principles of Security and Trust - Third International Conference,
               {POST} 2014, Held as Part of the European Joint Conferences on Theory
               and Practice of Software, {ETAPS} 2014, Grenoble, France, April 5-13,
               2014, Proceedings},
  pages     = {265--284},
  year      = {2014},
  crossref  = {DBLP:conf/post/2014},
  url       = {http://dx.doi.org/10.1007/978-3-642-54792-8_15},
  doi       = {10.1007/978-3-642-54792-8_15},
  timestamp = {Sun, 23 Mar 2014 11:27:18 +0100},
  biburl    = {http://dblp.uni-trier.de/rec/bib/conf/post/ClarksonFKMRS14},
  bibsource = {dblp computer science bibliography, http://dblp.org}
}

@proceedings{DBLP:conf/post/2014,
  editor    = {Mart{\'{\i}}n Abadi and
               Steve Kremer},
  title     = {Principles of Security and Trust - Third International Conference,
               {POST} 2014, Held as Part of the European Joint Conferences on Theory
               and Practice of Software, {ETAPS} 2014, Grenoble, France, April 5-13,
               2014, Proceedings},
  series    = {Lecture Notes in Computer Science},
  volume    = {8414},
  publisher = {Springer},
  year      = {2014},
  url       = {http://dx.doi.org/10.1007/978-3-642-54792-8},
  doi       = {10.1007/978-3-642-54792-8},
  isbn      = {978-3-642-54791-1},
  timestamp = {Sun, 23 Mar 2014 11:24:31 +0100},
  biburl    = {http://dblp.uni-trier.de/rec/bib/conf/post/2014},
  bibsource = {dblp computer science bibliography, http://dblp.org}
}



@inproceedings{DBLP:conf/cav/FinkbeinerRS15,
  author    = {Bernd Finkbeiner and
               Markus N. Rabe and
               C{\'{e}}sar S{\'{a}}nchez},
  title     = {Algorithms for Model Checking HyperLTL and HyperCTL {\^{}}*},
  booktitle = {Computer Aided Verification - 27th International Conference, {CAV}
               2015, San Francisco, CA, USA, July 18-24, 2015, Proceedings, Part
               {I}},
  pages     = {30--48},
  year      = {2015},
  crossref  = {DBLP:conf/cav/2015-1},
  url       = {http://dx.doi.org/10.1007/978-3-319-21690-4_3},
  doi       = {10.1007/978-3-319-21690-4_3},
  timestamp = {Mon, 20 Jul 2015 11:27:14 +0200},
  biburl    = {http://dblp.uni-trier.de/rec/bib/conf/cav/FinkbeinerRS15},
  bibsource = {dblp computer science bibliography, http://dblp.org}
}

@proceedings{DBLP:conf/cav/2015-1,
  editor    = {Daniel Kroening and
               Corina S. Pasareanu},
  title     = {Computer Aided Verification - 27th International Conference, {CAV}
               2015, San Francisco, CA, USA, July 18-24, 2015, Proceedings, Part
               {I}},
  series    = {Lecture Notes in Computer Science},
  volume    = {9206},
  publisher = {Springer},
  year      = {2015},
  url       = {http://dx.doi.org/10.1007/978-3-319-21690-4},
  doi       = {10.1007/978-3-319-21690-4},
  isbn      = {978-3-319-21689-8},
  timestamp = {Mon, 20 Jul 2015 11:21:17 +0200},
  biburl    = {http://dblp.uni-trier.de/rec/bib/conf/cav/2015-1},
  bibsource = {dblp computer science bibliography, http://dblp.org}
}



@inproceedings{InfiniBand,
  author    = {Odysseas I. Pentakalos},
  title     = {An Introduction to the InfiniBand Architecture},
  booktitle = {28th International Computer Measurement Group Conference, December
               8-13, 2002, Reno, Nevada, USA, Proceedings},
  pages     = {425--432},
  year      = {2002},
  crossref  = {DBLP:conf/cmg/2002},
  url       = {http://www.cmg.org/?s2member_file_download=/proceedings/2002/2176.pdf},
  timestamp = {Mon, 22 Sep 2014 16:50:16 +0200},
  biburl    = {http://dblp.uni-trier.de/rec/bib/conf/cmg/Pentakalos02},
  bibsource = {dblp computer science bibliography, http://dblp.org}
}

@proceedings{DBLP:conf/cmg/2002,
  title     = {28th International Computer Measurement Group Conference, December
               8-13, 2002, Reno, Nevada, USA, Proceedings},
  publisher = {Computer Measurement Group},
  year      = {2002},
  timestamp = {Thu, 30 Jan 2003 07:59:21 +0100},
  biburl    = {http://dblp.uni-trier.de/rec/bib/conf/cmg/2002},
  bibsource = {dblp computer science bibliography, http://dblp.org}
}

@book{nda,
  author    = {John E. Hopcroft and
               Rajeev Motwani and
               Jeffrey D. Ullman},
  title     = {Introduction to automata theory, languages, and computation - international
               edition {(2.} ed)},
  publisher = {Addison-Wesley},
  year      = {2003},
  isbn      = {978-0-321-21029-6},
  timestamp = {Thu, 14 Apr 2011 14:43:21 +0200},
  biburl    = {http://dblp.uni-trier.de/rec/bib/books/daglib/0011126},
  bibsource = {dblp computer science bibliography, http://dblp.org}
}

 		
		
		
		
@book{pcie,
  author    = {Mike Jackson  and
               Ravi Budruk  and
               Joseph Winkles  and
               Don Anderson },
  title     = {PCI Express Technology 3.0 },
  publisher = {Mindshare Press },
  year      = {2012},
  isbn      = {978-0977087860}
}
@book{OCaml,
  author    = {Yaron Minsky  and
               Anil Madhavapeddy  and
               Jason Hickey },
  title     = {Real World OCaml },
  publisher = {O'Reilly Media},
  year      = {2013},
  isbn      = {978-1-4493-2391-2}
}

@TECHREPORT{encode6466,
  AUTHOR =       {R. C. Walker and R. Dugan},
  TITLE =        {64b/66b low-overhead coding proposal for serial links},
  INSTITUTION =  {IEEE 802.3 High Speed Study Group},
  YEAR =         {2000},
  month =        {January}
}
Thomas, Donald, Moorby, Phillip ""  Publishers, Norwell, MA. ISBN 0-7923-8166-1

@book{Verilog,
  author    = {Donald E. Thomas   and
               Philip R. Moorby },
  title     = {The Verilog Hardware Description Language },
  publisher = {Kluwer Academic},
  year      = {2002},
  isbn      = {9781402070891}
}


@book{fc,
  author    = {Preston, W. Curtis },
  title     = {Fibre Channel Architecture. Using SANs and NAS},
  publisher = {O'Reilly Media},
  year      = {2002},
  isbn      = {978-0-596-00153-7}
}
Clark, George C., Jr.; Cain, J. Bibb (). Error-Correction Coding for Digital Communications. New York: . ISBN .


@book{fec,
  author    = {George C. Clark Jr   and
               J. Bibb Cain  },
  title     = {Error-Correction Coding for Digital Communications},
  publisher = {Plenum Press},
  year      = {1981},
  isbn      = {0-306-40615-2}
}

@inproceedings{DBLP:conf/mbmv/NopperS07,
  author    = {Tobias Nopper and
               Christoph Scholl},
  title     = {Counterexample Generation for Incomplete Designs},
  booktitle = {Methoden und Beschreibungssprachen zur Modellierung und Verifikation
               von Schaltungen und Systemen (MBMV), Erlangen, Germany, March 5-7,
               2007},
  pages     = {193--202},
  year      = {2007},
  crossref  = {DBLP:conf/mbmv/2007},
  timestamp = {Thu, 28 Jun 2012 09:08:41 +0200},
  biburl    = {http://dblp.uni-trier.de/rec/bib/conf/mbmv/NopperS07},
  bibsource = {dblp computer science bibliography, http://dblp.org}
}
@proceedings{DBLP:conf/mbmv/2007,
  editor    = {Christian Haubelt and
               J{\"{u}}rgen Teich},
  title     = {Methoden und Beschreibungssprachen zur Modellierung und Verifikation
               von Schaltungen und Systemen (MBMV), Erlangen, Germany, March 5-7,
               2007},
  publisher = {Shaker},
  year      = {2007},
  timestamp = {Thu, 28 Jun 2012 08:55:26 +0200},
  biburl    = {http://dblp.uni-trier.de/rec/bib/conf/mbmv/2007},
  bibsource = {dblp computer science bibliography, http://dblp.org}
}
