% !Mode:: "Tex:UTF-8"
% This file was created with JabRef 2.5.
% Encoding: UTF-8
%\usepackage{hyperref}
@ARTICLE{IOT,
  AUTHOR =       {Ma, Huadong},
  TITLE =        {Internet of things: objectives and scientific challenges},
  JOURNAL =      {Journal of Computer Science and Technology},
  YEAR =         {2011},
  volume =       {26},
  number =       {6},
  pages =        {919-924},
  month =        {11},
}
@MISC{Auto-ID,
  title =        {Auto-ID Website},
  howpublished = {\url{http://www.autoidlabs.org}},
}
@MISC{SmarterPlanet,
  title =        {Smarter Planet Website},
  howpublished = {\url{http://www.ibm.com/smarterplanet}},
}
@MISC{EuroIOT,
  title =        {Internet of Things: An action plan for Europe},
  howpublished = {\url{http://ec.europa.eu/information_society/policy/rfid/documanets/commiot2009.pdf}},
}
@BOOK{WSN_book,
  AUTHOR =       {孙利民 and 李建中 and 陈渝 and 朱红松},
  TITLE =        {无线传感器网络},
  PUBLISHER =    {清华大学出版社},
  YEAR =         {2005},
}
@ARTICLE{survey_wsn,
  AUTHOR =       {Akyildiz, Ian F. and Su, Weilian and Sankarasubramaniam, Yogesh and Cayirci, Erdal},
  TITLE =        {A survey on sensor networks},
  JOURNAL =      {IEEE Communications Magazine},
  YEAR =         {2002},
  volume =       {40},
  number =       {8},
  pages =        {104-112},
}
@ARTICLE{survey_wmsn,
  AUTHOR =       {Akyildiz, Ian F and Melodia, Tommaso and Chowdhury, Kaushik R.},
  TITLE =        {A survey on wireless multimedia sensor networks},
  JOURNAL =      {Computer Networks},
  YEAR =         {2006},
}
@ARTICLE{TenTechniques,
  AUTHOR =       {Wade, R and Mitehel, W M and Ptter, F},
  TITLE =        {Ten emerging technologies that will change the world},
  JOURNAL =      {Technologies},
  YEAR =         {2003},
  volume =       {106},
  number =       {1},
  pages =        {33-49},
}
@ARTICLE{IdeasFor21Cen,
  AUTHOR =       {Byrne, J A},
  TITLE =        {21 ideas for 21st century},
  JOURNAL =      {Business Week},
  YEAR =         {1999},
  volume =       {8},
  pages =        {78-167},
}
@MISC{BWRC,
  title =        {BWRC Website},
  howpublished = {\url{http://bwrc.eecs.berkeley.edu}},
}
@MISC{WEBS,
  title =        {WEBS Website},
  howpublished = {\url{http://webs.cs.berkeley.edu}},
}
@MISC{WSNL,
  title =        {WSNL Website},
  howpublished = {\url{http://wsnl.stanford.edu/tutorial.php}},
}
@INPROCEEDINGS{CodeBlue,
  AUTHOR =       {Markatos, E P},
  TITLE =        {Tracing a large-scale peer-to-peer system: an hour in the life of Gnutella},
  BOOKTITLE =    {Proceedings of the Second IEEE/ACM International Symposium on Cluster Computing and the Grid},
  YEAR =         {2002},
}
@MISC{CENS,
  title =        {CENS Website},
  howpublished = {\url{http://research.cens.ucla.edu}},
}
@MISC{WINS,
  title =        {WINS Website},
  howpublished = {\url{http://www.janet.ucla.edu/WINS}},
}
@MISC{FIREFLY,
  title =        {Firefly Website},
  howpublished = {\url{http://www.ece.cmu.edu/firefly}},
}
@INPROCEEDINGS{RESL,
  AUTHOR =       {Bhatttacharjee, B and Chawathe S and Gopalakrishnan, V and Keleher, P and Silaghi, B},
  TITLE =        {Efficient peer-to-peer searches using result-caching},
  BOOKTITLE =    {Proceedings of the Second International Workshop on Peer-to-Peer Systems},
  YEAR =         {2003},
}
@INPROCEEDINGS{SCADDS,
  AUTHOR =       {Cohen, E and Shenker, S},
  TITLE =        {Replication strategies in unstructured peer-to-peer networks},
  BOOKTITLE =    {Proceedings of ACM SIGCOMM},
  YEAR =         {2002},
}
@MISC{ENALAB,
  title =        {ENALAB Website},
  howpublished = {\url{http://www.eng.yale.edu/enalab}},
}
@MISC{NMS,
  title =        {NMS Website},
  howpublished = {\url{http://nms.csail.mit.edu}},
}
@MISC{AMPS,
  title =        {AMPS Website},
  howpublished = {\url{http://www-mtl.mit.edu/researchgroups/icsystems/uamps}},
}
@MISC{IDEAS,
  title =        {IDEAS Website},
  howpublished = {\url{https://engineering.purdue.edu/IDEAS}},
}
@MISC{ExScal,
  title =        {ExScal Website},
  howpublished = {\url{http://www.cast.cse.ohio-state.edu/exscal}},
}
@MISC{INDEX,
  title =        {INDEX Website},
  howpublished = {\url{http://lion.cs.uiuc.edu}},
}
@MISC{WINGS,
  title =        {WINGS Website},
  howpublished = {\url{http://www.wings.cs.sunysb.edu}},
}
@MISC{MANTIS,
  title =        {MANTIS Website},
  howpublished = {\url{http://mantis.cs.colorado.edu/index.php/tiki-index.php}},
}
@MISC{BWN,
  title =        {BWN Website},
  howpublished = {\url{http://www.ece.gatech.edu/research/labs/bwn/WMSN}},
}
@misc{euro1,
  title =        {euro1},
  howpublished = {\url{http://www.eyes.eu.org}},
}
@misc{euro2,
  title =        {euro2},
  howpublished = {\url{http://www.dcg.ethz.ch}},
}
@MISC{IBM,
  title =        {IBM Website},
  howpublished = {\url{http://www.zurich.ibm.com/sys/communication/sensors.html}},
}
@MISC{MICROSOFT,
  title =        {MicroSoft Website},
  howpublished = {\url{http://research.microsoft.com/en-us/groups/nec}},
}
@MISC{INTEL,
  title =        {Intel Website},
  howpublished = {\url{http://www.intel.com/research/exploratory/wireless_sensors.html}},
}
@ARTICLE{Ni,
  AUTHOR =       {Ni, L M and Liu, Yunhao and Zhu, Y},
  TITLE =        {China's national research project on wireless sensor networks},
  JOURNAL =      {IEEE Wireless Communications},
  YEAR =         {2008},
  volume =       {14},
  pages =        {78-83},
}
@ARTICLE{cuili,
  AUTHOR =       {崔莉 and 鞠海玲 and 苗勇},
  TITLE =        {无线传感器网络研究进展},
  JOURNAL =      {计算机研究与发展},
  YEAR =         {2005},
  volume =       {42},
  number =       {1},
  pages =        {163-174},
}
@ARTICLE{lijianzhong,
  AUTHOR =       {李建中 and 李金宝 and 石胜飞},
  TITLE =        {传感器网络及其数据管理的概念、问题与进展},
  JOURNAL =      {软件学报},
  YEAR =         {2003},
  volume =       {14},
  number =       {10},
  pages =        {1717-1727},
}
@ARTICLE{renfengyuan,
  AUTHOR =       {任丰原 and 黄海宁 and 林闯},
  TITLE =        {无线传感器网络},
  JOURNAL =      {软件学报},
  YEAR =         {2003},
  volume =       {14},
  number =       {7},
  pages =        {1282-1291},
}
@INPROCEEDINGS{cai,
  AUTHOR =       {Cai, Y and Lou, W and Li, M and Li, X Y},
  TITLE =        {Target-oriented scheduling in directional sensor networks},
  BOOKTITLE =    {Proceedings of IEEE INFOCOM},
  YEAR =         {2007},
}
@ARTICLE{liuyongqiang,
  AUTHOR =       {刘永强 and 严伟 and 代亚非},
  TITLE =        {一种无线网络路径容量分析模型},
  JOURNAL =      {软件学报},
  YEAR =         {2005},
  volume =       {17},
  number =       {4},
  pages =        {854-859},
}
@INPROCEEDINGS{Wu,
  AUTHOR =       {Wu, X and Chen, G and Das, S},
  TITLE =        {On the energy hole problem of nonuniform node distribution in wireless sensor networks},
  BOOKTITLE =    {Proceedings of IEEE MASS},
  YEAR =         {2006},
}
@PHDTHESIS{Dong,
  AUTHOR =       {董德尊},
  TITLE =        {无线传感器网络拓扑识别与构建技术研究},
  SCHOOL =       {国防科学技术大学},
  YEAR =         {2010},
}
@INPROCEEDINGS{zheng,
  AUTHOR =       {Zheng, Z and Wu, Z and Lin, H and Zheng, K},
  TITLE =        {Wdm: An energy-efficient multi-hop routing algorithm for wireless sensor networks},
  BOOKTITLE =    {Proceedings of International Conference on Computational Science},
  YEAR =         {2005},
}
@ARTICLE{shen,
  AUTHOR =       {沈波 and 张世永 and 钟亦平},
  TITLE =        {无线传感器网络分簇路由协议},
  JOURNAL =      {软件学报},
  YEAR =         {2006},
  volume =       {1},
  number =       {7},
  pages =        {1588-1600},
}
@ARTICLE{lin,
  AUTHOR =       {林亚平 and 王雷 and 陈宇},
  TITLE =        {传感器网络中一种分布式数据汇聚层次路由算法},
  JOURNAL =      {电子学报},
  YEAR =         {2004},
  volume =       {32},
  number =       {11},
  pages =        {1801-1805},
}
@ARTICLE{ma,
  AUTHOR =       {马华东 and 陶丹},
  TITLE =        {多媒体传感器网络及其研究进展},
  JOURNAL =      {软件学报},
  YEAR =         {2006},
  volume =       {17},
  number =       {9},
  pages =        {2013-2028},
}
@ARTICLE{renyan,
  AUTHOR =       {任彦 and 张思东 and 张宏科},
  TITLE =        {无线传感器网络中覆盖控制理论与算法},
  JOURNAL =      {软件学报},
  YEAR =         {2006},
  volume =       {17},
  number =       {3},
  pages =        {422-433},
}
@MISC{MICA,
  title =        {MICA Website},
  howpublished = {\url{http://www.xbow.com}},
}
@INPROCEEDINGS{Telos,
  AUTHOR =       {Polastre, J and Szewczyk, R and Culler, D},
  TITLE =        {Telos: Enabling ultra-low power wireless research},
  BOOKTITLE =    {Proceedings of ACM IPSN},
  YEAR =         {2005},
}
@MISC{mote,
  title =        {Mote Website},
  howpublished = {\url{http://www.intel.com/research/exploratory/motes.html}},
}
@MISC{Pico,
  title =        {Pico Website},
  howpublished = {\url{http://bwrc.eecs.berkeley.edu/Research/Pico_Radio/Default.html}},
}
@MISC{EZ,
  title =        {EZ Node Website},
  howpublished = {\url{http://www.easinet.cn/cn/products.html}},
}
@MISC{TinyOS,
  title =        {TinyOS Website},
  howpublished = {\url{http://www.tinyos.net}},
}
@MISC{SOS,
  title =        {SOS Website},
  howpublished = {\url{http://nesl.ee.ucla.edu/projects/sos}},
}
@MISC{SenSpire,
  title =        {SenSpire Website},
  howpublished = {\url{http://eagle.zju.edu.cn/home/eos/senspire}},
}
@ARTICLE{VigilNet,
  AUTHOR =       {He, T and Krishnamurthy, S and Stankovic, J A and Abdelzaher, T and Luo, L and Stolery, R and Yan, T and Gu, L and Hui, J and Krogh, B},
  TITLE =        {VigilNet: an integrated sensor network system for energy-efficient surveillance},
  JOURNAL =      {ACM Transactions on Sensor Networks},
  YEAR =         {2006},
  volume =       {2},
  pages =        {1-38},
}
@INPROCEEDINGS{MoteLab,
  AUTHOR =       {Werner-Allen, G and Swieskowski, P and Welsh, M},
  TITLE =        {MoteLab: a wireless sensor network testbed},
  BOOKTITLE =    {Proceedings of the 4th international symposium on Information processing in sensor networks},
  YEAR =         {2005},
}
@INPROCEEDINGS{SensorScope,
  AUTHOR =       {Barrenetxea, G and Ingelrest, F and Schaefer, G and Vetterli, M and Couach, O and Parlange, M},
  TITLE =        {SensorScope: out-of-the-Box environmental monitoring},
  BOOKTITLE =    {Proceedings of ACM IPSN},
  YEAR =         {2008},
}
@INPROCEEDINGS{Trio,
  AUTHOR =       {Dutta, P and Hui, J and Jeong, J and Kim, S and Sharp, C and Taneja, J and Tolle, G and Whitehouse, K and Culler, D},
  TITLE =        {Trio: enabling sustainable and scalable outdoor wireless sensor network deployments},
  BOOKTITLE =    {Proceedings of ACM IPSN},
  YEAR =         {2006},
}
@INPROCEEDINGS{GreenOrbs,
  AUTHOR =       {Mo, Lufeng and He, Yuan and Zhao, Jizhong and Tang, Shaojie and Li, Xiangyang},
  TITLE =        {Canopy closure estimates with GreenOrbs: Long-term large-scale sensing in the forest},
  BOOKTITLE =    {Proceedings of ACM SenSys},
  YEAR =         {2009},
}
@INPROCEEDINGS{CitySee,
  AUTHOR =       {Mao, Xufei and Miao, Xin and He, Yuan and Zhu, Tong and Wang, Jiliang and Dong, Wei and Li, Xiangyang and Liu, Yunhao},
  TITLE =        {CitySee: urban CO2 monitoring with sensors},
  BOOKTITLE =    {Proceedings of IEEE INFOCOM},
  YEAR =         {2012},
}
@PHDTHESIS{wangxiaoping,
  AUTHOR =       {王小平},
  TITLE =        {无线传感器网络定位技术研究},
  SCHOOL =       {国防科学技术大学},
  YEAR =         {2010},
}
@INPROCEEDINGS{bounary_infocom04,
  AUTHOR =       {Fang, Q and Gao, J and Guibas, J},
  TITLE =        {Locating and bypassing holes in sensor networks},
  BOOKTITLE =    {Proceedings of IEEE INFOCOM},
  YEAR =         {2004},
}
@INPROCEEDINGS{boundary_mobicom06,
  AUTHOR =       {Wang, Y and Gao, J and Mitchell, J S},
  TITLE =        {Boundary recognition in sensor networks by topological methods},
  BOOKTITLE =    {Proceedings of ACM MobiCom},
  YEAR =         {2006},
}
@INPROCEEDINGS{boundary_funke,
  AUTHOR =       {Funke, S},
  TITLE =        {Topological hole detection in wireless sensor networks and its applications},
  BOOKTITLE =    {Proceedings of ACM DIALM-POMC},
  YEAR =         {2005},
}
@INPROCEEDINGS{boundary_funke2,
  AUTHOR =       {Funke, S and Klein, C},
  TITLE =        {Hole detection or:"How much geometry hides in connectivity?"},
  BOOKTITLE =    {Proceedings of ACM SoCG},
  YEAR =         {2006},
}
@INPROCEEDINGS{boundary_kroller,
  AUTHOR =       {Kroller, A and Fekete, S P and Pfisterer, D and Fischer, S},
  TITLE =        {Deterministic boundary recognition and topology extraction for large sensor networks},
  BOOKTITLE =    {Proceedings of ACM-SIAM SODA},
  YEAR =         {2006},
}
@INPROCEEDINGS{boundary_ipsn08,
  AUTHOR =       {Saukh, O and Sauter, R and Gauger, M and Marron, P J and Rothermel, K},
  TITLE =        {On boundary recognition without location information in wireless sensor networks},
  BOOKTITLE =    {Proceedings of ACM/IEEE IPSN},
  YEAR =         {2008},
}
@INPROCEEDINGS{boundary_mobihoc09,
  AUTHOR =       {Dong, Dezun and Liu, Yunhao and Liao, Xiangke},
  TITLE =        {Fine-grained boundary recognition in wireless ad hoc and sensor networks by topological methods},
  BOOKTITLE =    {Proceedings of ACM MobiHoc},
  YEAR =         {2009},
}
@INPROCEEDINGS{cover_infocom01,
  AUTHOR =       {Meguerdichian, S and Koushanfar, F and Potkonjak, M and Srivastava, M B},
  TITLE =        {Coverage problems in wireless ad hoc sensor networks},
  BOOKTITLE =    {Proceedings of IEEE INFOCOM},
  YEAR =         {2001},
}
@INPROCEEDINGS{cover_sensys03,
  AUTHOR =       {Wang, X and Xing, G and Zhang, Y and Lu, C and Pless, R and Gill, C},
  TITLE =        {Integrated coverage and connectivity configuration in wireless sensor networks},
  BOOKTITLE =    {Proceedings of ACM SenSys},
  YEAR =         {2003},
}
@ARTICLE{cover_dongTC,
  AUTHOR =       {Dong, Dezun and Liao, Xiangke and Liu, Kebin and Liu, Yunhao},
  TITLE =        {Distributed coverage in wireless ad hoc and sensor networks by topological graph approaches},
  JOURNAL =      {IEEE Transactions on Computers (TC)},
  YEAR =         {2012},
  volume =       {61},
  number =       {10},
  pages =        {1417-1428},
}
@INPROCEEDINGS{cover_dongICDCS,
  AUTHOR =       {Dong, Dezun and Liu, Yunhao and Liu, Kebin and Liao, Xiangke},
  TITLE =        {Distributed coverage in wireless ad hoc and sensor networks by topological graph approaches},
  BOOKTITLE =    {Proceedings of IEEE ICDCS},
  YEAR =         {2010},
}
@INPROCEEDINGS{cover_ipsn05,
  AUTHOR =       {Ghist, R and Muhammad, A},
  TITLE =        {Coverage and hole-detection in sensor networks via homology},
  BOOKTITLE =    {Proceedings of ACM/IEEE IPSN},
  YEAR =         {2005},
}
@INPROCEEDINGS{cover_mobihoc05,
  AUTHOR =       {Liu, B and Brass, P and Dousse, O and Nain, P and Towsley, D},
  TITLE =        {Mobility improves coverage of sensor networks},
  BOOKTITLE =    {Proceedings of ACM MobiHoc},
  YEAR =         {2005},
}
@INPROCEEDINGS{cover_mobihoc06,
  AUTHOR =       {Bai, X and Kumar, S and Xuan, D and Yun, Z and Lai, T H},
  TITLE =        {Deploying wireless sensors to achieve both coverage and connectivity},
  BOOKTITLE =    {Proceedings of ACM MobiHoc},
  YEAR =         {2006},
}
@INPROCEEDINGS{cover_infocom08,
  AUTHOR =       {Bejerano, Y},
  TITLE =        {Simple and efficient k-coverage verification without location information},
  BOOKTITLE =    {Proceedings of IEEE INFOCOM},
  YEAR =         {2008},
}
@INPROCEEDINGS{cover_mobicom09,
  AUTHOR =       {Kasbekar, G S and Bejerano, Y and Sarkar, S},
  TITLE =        {Lifetime and coverage guaranteesthrough distributed coordinate-free sensor activation},
  BOOKTITLE =    {Proceedings of ACM MobiCom},
  YEAR =         {2009},
}
@INPROCEEDINGS{cover_icnp07,
  AUTHOR =       {Younis, O and Krunz, M and Ramasubramanian, S},
  TITLE =        {Coverage without location information},
  BOOKTITLE =    {Proceedings of IEEE ICNP},
  YEAR =         {2007},
}
@INPROCEEDINGS{wormhole_cnds05,
  AUTHOR =       {Papadimitratos, P and Haas, Z J},
  TITLE =        {Secure routing for mobile ad hoc networks},
  BOOKTITLE =    {Proceedings of SCS CNDS},
  YEAR =         {2005},
}
@INPROCEEDINGS{wormhole_icnp02,
  AUTHOR =       {Sanzgiri, K and Dahill, B and Levine, B and Belding-Royer, E},
  TITLE =        {A secure routing protocol for ad hoc networks},
  BOOKTITLE =    {Proceedings of IEEE ICNP},
  YEAR =         {2002},
}
@INPROCEEDINGS{wormhole_infocom03,
  AUTHOR =       {Hu, Y C and Perrig, A and Johnson, D},
  TITLE =        {Packet leashes: A defense against wormhole attacks in wireless networks},
  BOOKTITLE =    {Proceedings of IEEE INFOCOM},
  YEAR =         {2003},
}
@ARTICLE{wormhole_wwcmc,
  AUTHOR =       {Wang, W and Bhargava, B and Lu, Y and Wu, X},
  TITLE =        {Defending against wormhole attacks in mobile ad hoc networks},
  JOURNAL =      {Journal of Wireless Communications and Mobile Computing},
  YEAR =         {2006},
  volume =       {6},
  pages =        {483-503},
}
@INPROCEEDINGS{wormhole_sasn03,
  AUTHOR =       {Capkun, S and Buttyan, L and Hubaus, J P},
  TITLE =        {Sector: Secure tracking of node encounters in multihop wireless networks},
  BOOKTITLE =    {Proceedings of ACM SASN},
  YEAR =         {2003},
}
@INPROCEEDINGS{wormhole_icnp06,
  AUTHOR =       {Eriksson, J and Krishnamurthy, S V and Faloutsos, M},
  TITLE =        {Truelink: A practical countermeasure to the wormhole attack in wireless networks},
  BOOKTITLE =    {Proceedings of IEEE ICNP},
  YEAR =         {2006},
}
@INPROCEEDINGS{wormhole_ndss04,
  AUTHOR =       {Hu, L and Evans, D},
  TITLE =        {Using directional antennas to prevent wormhole attacks},
  BOOKTITLE =    {Proceedings of NDSS},
  YEAR =         {2004},
}
@INPROCEEDINGS{wormhole_infocom07,
  AUTHOR =       {Maheshwari, R and Gao, J and Das, S R},
  TITLE =        {Detecting wormhole attacks in wireless networks using connectivity information},
  BOOKTITLE =    {Proceedings of IEEE INFOCOM},
  YEAR =         {2007},
}
@INPROCEEDINGS{wormhole_wise04,
  AUTHOR =       {Wang, W and Bhargava},
  TITLE =        {Visualization of wormholes in sensor networks},
  BOOKTITLE =    {Proceedings of ACM WiSe},
  YEAR =         {2004},
}
@INPROCEEDINGS{wormhole_mobihoc11,
  AUTHOR =       {Ban, X and Sarkar, R and Gao, J},
  TITLE =        {Local connectivity tests to identify wormholes in wireless networks},
  BOOKTITLE =    {Proceedings of ACM MobiHoc},
  YEAR =         {2011},
}
@ARTICLE{wormhole_ton,
  AUTHOR =       {Dong, Dezun and Li, Mo and Liu, Yunhao and Li, Xiangyang and Liao, Xiangke},
  TITLE =        {Topological detection on wormholes in wireless ad hoc and sensor networks},
  JOURNAL =      {IEEE/ACM Transactions on Networking (TON)},
  YEAR =         {2011},
  volume =       {19},
  number =       {6},
  pages =        {1787-1796},
}
@INPROCEEDINGS{wormhole_icnp09,
  AUTHOR =       {Dong, Dezun and Li, Mo and Liu, Yunhao and Li, Xiangyang and Liao, Xiangke},
  TITLE =        {Topological detection on wormholes in wireless ad hoc and sensor networks},
  BOOKTITLE =    {Proceedings of IEEE ICNP},
  YEAR =         {2009},
}
@INPROCEEDINGS{wormhole_icpads09,
  AUTHOR =       {Dong, Dezun and Li, Mo and Liu, Yunhao and Liao, Xiangke},
  TITLE =        {WormCircle: connectivity-based wormhole detection in wireless ad hoc and sensor networks},
  BOOKTITLE =    {Proceedings of IEEE ICPADS},
  YEAR =         {2009},
}
@INPROCEEDINGS{planar_mobihoc01,
  AUTHOR =       {Gao, J and Guibas, L and Hershberger, J and Zhang, L and Zhu, A},
  TITLE =        {Geometric spanner for routing in mobile networks},
  BOOKTITLE =    {Proceedings of ACM MobiHoc},
  YEAR =         {2001},
}
@INPROCEEDINGS{planar_infocom02,
  AUTHOR =       {Li, X and Calinescu, G and Wan, P},
  TITLE =        {Distributed construction of a planar spanner and routing for ad hoc wireless networks},
  BOOKTITLE =    {Proceedings of IEEE INFOCOM},
  YEAR =         {2002},
}
@INPROCEEDINGS{planar_mobicom05,
  AUTHOR =       {Li, X and Song, W and Wang, W},
  TITLE =        {A unified energy efficient topology for unicast and broadcast},
  BOOKTITLE =    {Proceedings of ACM MobiCom},
  YEAR =         {2005},
}
@INPROCEEDINGS{planar_nsdi05,
  AUTHOR =       {Kim, Y and Govindan, R and Karp, B and Shenker, S},
  TITLE =        {Geographic routing made practical},
  BOOKTITLE =    {Proceedings of USENIX NSDI},
  YEAR =         {2005},
}
@INPROCEEDINGS{planar_incocom07,
  AUTHOR =       {Chen, J and Jiang, A and Kanj, I and Xia, G and Zhang, F},
  TITLE =        {Separability and topology control of quasi unit disk graphs},
  BOOKTITLE =    {Proceedings of IEEE INFOCOM},
  YEAR =         {2007},
}
@INPROCEEDINGS{planar_funke,
  AUTHOR =       {Funke, S and Milosavljevic, N},
  TITLE =        {Network sketching or: how much geometry hides in connectivity?–Part II},
  BOOKTITLE =    {Proceedings of IEEE INFOCOM},
  YEAR =         {2007},
}
@INPROCEEDINGS{planar_infocom08,
  AUTHOR =       {Zhang, F and Jiang, A and Chen, J},
  TITLE =        {Robust planarization of unlocalized wireless sensor networks},
  BOOKTITLE =    {Proceedings of IEEE INFOCOM},
  YEAR =         {2008},
}
@INPROCEEDINGS{planar_infocom11,
  AUTHOR =       {Dong, Dezun and Liu, Yunhao and Liao, Xiangke and Li, Xiang Yang},
  TITLE =        {Fine-grained location-free planarization in wireless sensor networks},
  BOOKTITLE =    {Proceedings of IEEE INFOCOM},
  YEAR =         {2011},
}
@ARTICLE{planar_tmc,
  AUTHOR =       {Dong, Dezun and Liao, Xiangke and Liu, Yunhao and Li, Xiang Yang and Pang, Zhengbin},
  TITLE =        {Fine-grained location-free planarization in wireless sensor networks},
  JOURNAL =      {IEEE Transactions on Mobile Computing (TMC)},
  YEAR =         {2013},
  volume =       {12},
  number =       {5},
  pages =        {971-983},
}
@INPROCEEDINGS{skeleton_mobihoc05,
  AUTHOR =       {Brack, J and Gao, J and Jiang, A A},
  TITLE =        {Map: Medial axis based geometric routing in sensor networks},
  BOOKTITLE =    {Proceedings of ACM MobiHoc},
  YEAR =         {2005},
}
@ARTICLE{skeleton_wn,
  AUTHOR =       {Brack, J and Gao, J and Jiang, A A},
  TITLE =        {Map: Medial axis based geometric routing in sensor networks},
  JOURNAL =      {Wireless Networks},
  YEAR =         {2007},
  volume =       {13},
  number =       {6},
  pages =        {835-853},
}
@INPROCEEDINGS{skeleton_infocom09,
  AUTHOR =       {Jiang, H and Liu, W and Wang, D and Tian, C and Bai, X and Liu, X and Liu, W},
  TITLE =        {Case: Connectivity-based skeleton extraction in wireless sensor networks},
  BOOKTITLE =    {Proceedings of IEEE INFOCOM},
  YEAR =         {2009},
}
@ARTICLE{skeleton_tpds10,
  AUTHOR =       {Jiang, H and Liu, W and Wang, D and Tian, C and Bai, X and Liu, X and Liu, W},
  TITLE =        {Connectivity-based skeleton extraction in wireless sensor networks},
  JOURNAL =      {IEEE Transactions on Parallel and Distributed Systems (TPDS)},
  YEAR =         {2010},
  volume =       {21},
  number =       {5},
  pages =        {710-721},
}
@INPROCEEDINGS{skeleton_icdcs12,
  AUTHOR =       {Liu, Wenping and Jiang, Hongbo and Wang, Chonggang and Liu, Chang and Yang, Yang and Liu, Wenyu and Li, Bo},
  TITLE =        {Connectivity-based and boundary-free skeleton extraction in sensor networks},
  BOOKTITLE =    {Proceedings of IEEE ICDCS},
  YEAR =         {2012},
}
@INPROCEEDINGS{skeleton_icdcs122,
  AUTHOR =       {Liu, Wenping and Jiang, Hongbo and Bai, Xiang and Tan, Guang and Wang, Chonggang and Liu, Wenyu and Cai, Kechao},
  TITLE =        {Skeleton Extraction from Incomplete Boundaries in Sensor Networks based on Distance Transform},
  BOOKTITLE =    {Proceedings of IEEE ICDCS},
  YEAR =         {2012},
}
@INPROCEEDINGS{routing_mobicom00,
  AUTHOR =       {Karp, B and Kung, H},
  TITLE =        {GPSR: Greedy perimeter stateless routing for wireless networks},
  BOOKTITLE =    {Proceedings of ACM MobiCom},
  YEAR =         {2000},
}
@ARTICLE{routing_wn,
  AUTHOR =       {Bose, P and Morin, P and Stojmenovic, I and Urrutia, J},
  TITLE =        {Routing with guaranteed delivery in ad hoc wireless networks},
  JOURNAL =      {Wireless Networks},
  YEAR =         {2001},
  volume =       {7},
  number =       {6},
  pages =        {609-616},
}
@INPROCEEDINGS{routing_podc03,
  AUTHOR =       {Kuhn, F and Watttenhofer, R and Zhang, Y and Zollinger, A},
  TITLE =        {Geometric ad-hoc routing: of theory and practice},
  BOOKTITLE =    {Proceedings of PODC},
  YEAR =         {2003},
}
@INPROCEEDINGS{routing_cc,
  AUTHOR =       {Datta, S and Stojmenovic, I and Wu, J},
  TITLE =        {Internal node and shortcut based routing with guaranteed delivery in wireless networks},
  BOOKTITLE =    {IEEE International Conference on Distributed Computing and Systems Workshops: Cluster Computing},
  YEAR =         {2001},
}
@INPROCEEDINGS{routing_dialm2002,
  AUTHOR =       {Kuhn, F and Wattenhofer, R and Zollinger, A},
  TITLE =        {Asymptotically optimal geometric mobile ad-hoc routing},
  BOOKTITLE =    {Proceedings of ACM DIALM},
  YEAR =         {2002},
}
@INPROCEEDINGS{routing_mobihoc03,
  AUTHOR =       {kuhn, F and Wattenhofer, R and Zollinger, A},
  TITLE =        {Worst-case optimal and average-case efficient geometric ad-hoc routing},
  BOOKTITLE =    {Proceedings of ACM MobiHoc},
  YEAR =         {2003},
}
@INPROCEEDINGS{routing_glider,
  AUTHOR =       {Fang, Q and Gao, J and Guibas, L and Silva, V and Zhang, L},
  TITLE =        {GLIDER: gradient landmark-based distributed routing for sensor networks},
  BOOKTITLE =    {Proceedings of IEEE INFOCOM},
  YEAR =         {2005},
}
@INPROCEEDINGS{routing_funke,
  AUTHOR =       {Funke, S and Milosavljevic, N},
  TITLE =        {Guaranteed-delivery geographic routing under uncertain node locations},
  BOOKTITLE =    {Proceedings of IEEE INFOCOM},
  YEAR =         {2007},
}
@INPROCEEDINGS{tracking,
  AUTHOR =       {Zhu, X and Sarkar, R and Gao, J and Mitchell, S B},
  TITLE =        {Light-weight contour tracking in wireless sensor networks},
  BOOKTITLE =    {Proceedings of IEEE INFOCOM},
  YEAR =         {2008},
}
@INPROCEEDINGS{localization_mobicom07,
  AUTHOR =       {Li, M and Liu, Y},
  TITLE =        {Rendered path: Range-free localization in anisotropic sensor networks with holes},
  BOOKTITLE =    {Proceedings of ACM MobiCom},
  YEAR =         {2007},
}
@INPROCEEDINGS{localization_infocom08,
  AUTHOR =       {Lederer, S and Wang, Y and Gao, J},
  TITLE =        {Connectivity-based localization of large scale sensor networks with complex shape},
  BOOKTITLE =    {Proceedings of IEEE INFOCOM},
  YEAR =         {2008},
}
@INPROCEEDINGS{shapesegmentation,
  AUTHOR =       {Zhu, X and Sarkar, R and Gao, J},
  TITLE =        {Shape segmentation and applications in sensor networks},
  BOOKTITLE =    {Proceedings of IEEE INFOCOM},
  YEAR =         {2007},
}
@INPROCEEDINGS{cds_dingling,
  AUTHOR =       {Ding, Ling and Wu, Weili and Willson, James K and Du, Hongjie and Lee, Wonjun},
  TITLE =        {Construction of directional virtual backbones with minimum routing cost in wireless networks},
  BOOKTITLE =    {Proceedings of IEEE INFOCOM},
  YEAR =         {2011},
}
@INPROCEEDINGS{cds_du,
  AUTHOR =       {Du, Hongwei and Ye, Qiang and Wu, Weili and Lee, Wonjun and Li, Deying and Du, Dingzhu and Howard, Stephen},
  TITLE =        {Constant approximation for birtual backbone construction with guaranteed routing Cost in wireless sensor networks},
  BOOKTITLE =    {Proceedings of IEEE INFOCOM},
  YEAR =         {2011},
}
@INPROCEEDINGS{localization_angle,
  AUTHOR =       {Shen, Y and Win, M Z},
  TITLE =        {Performance of localization and orientation using wideband antenna arrays},
  BOOKTITLE =    {Proceedings of IEEE ICUWB},
  YEAR =         {2007},
}
@INPROCEEDINGS{localization_infocom00,
  AUTHOR =       {Bahl, P and Padmanabhan, V N},
  TITLE =        {RADAR: an in-building RF-based user location and tracking system},
  BOOKTITLE =    {Proceedings of IEEE INFOCOM},
  YEAR =         {2000},
}
@INPROCEEDINGS{localization_mobicom00,
  AUTHOR =       {Priyantha, N B and Chakraborty, A and Balakrishnan, H},
  TITLE =        {The cricket location-support system},
  BOOKTITLE =    {Proceedings of ACM MobiCom},
  YEAR =         {2000},
}
@ARTICLE{localization_cn,
  AUTHOR =       {Mao, G and Fidan, B and Anderson, B D O},
  TITLE =        {Wireless sensor network localization techniques},
  JOURNAL =      {Computer Networks},
  YEAR =         {2007},
  pages =        {2529-2553},
}
@BOOK{localization_error1,
  AUTHOR =       {Beutel, J},
  TITLE =        {Location management in wireless sensor networks},
  PUBLISHER =    {Handbook of sensor networks: Compact wireless and wired sensing systems, CRC Press},
}
@ARTICLE{localization_error2,
  AUTHOR =       {王福豹 and 史龙 and 任丰原},
  TITLE =        {无线传感器网络中的自身定位系统和算法},
  JOURNAL =      {软件学报},
  YEAR =         {2005},
  volume =       {16},
  number =       {5},
  pages =        {857-868},
}
@INPROCEEDINGS{localization_infocom04,
  AUTHOR =       {Eren, T and Goldenberg, D K and Whiteley, W and Yang, Y R and Morse, A S and Anderson, B D O and Belhumeur, P N},
  TITLE =        {Rigidity, computation, and randomization in network localization},
  BOOKTITLE =    {Proceedings of IEEE INFOCOM},
  YEAR =         {2004},
}
@ARTICLE{localization_TMC,
  AUTHOR =       {Aspnes, J and Eren, T and Goldenberg, D K and Morse, A S and Whiteley, W and Yang, Richard and Anderson, B D O and Belhumeur, P N},
  TITLE =        {A Theory of Network Localization},
  JOURNAL =      {IEEE Transactions on Mobile Computing},
  YEAR =         {2006},
  volume =       {5},
  number =       {12},
  pages =        {1-15},
}
@ARTICLE{embedding_np,
  AUTHOR =       {Breu, H and Kirkpatrick, D G},
  TITLE =        {Unit disk graph recognition is NP-hard},
  JOURNAL =      {Computational Geometry: Theory and Applications},
  YEAR =         {1998},
  volume =       {9},
  number =       {1-2},
  pages =        {3-24},
}
@ARTICLE{cover_homology,
  AUTHOR =       {Silva, V and Ghrist, R},
  TITLE =        {Coordinate-free coverage in sensor networks withcontrolled boundaries via homology},
  JOURNAL =      {International Journal of Robotics Research},
  YEAR =         {2006},
  volume =       {25},
  number =       {12},
  pages =        {1205-1222},
}
@INPROCEEDINGS{diagnosis_pad,
  AUTHOR =       {Liu, K and Liu, Y and Li, M and Guo, Z and Hong, F},
  TITLE =        {Passive diagnosis for wireless sensor networks},
  BOOKTITLE =    {Proceedings of ACM Sensys},
  YEAR =         {2008},
}
@INPROCEEDINGS{diagnosis_sympathy,
  AUTHOR =       {Ramanathan, N and Chang, K and Girod, L and Kapur, R and Kohler, E and Estrin, D},
  TITLE =        {Sympathy for the sensor network debugger},
  BOOKTITLE =    {Proceedings of ACM SenSys},
  YEAR =         {2005},
}
@INPROCEEDINGS{diagnosis_tolle,
  AUTHOR =       {Tolle, G and Culler, D},
  TITLE =        {Design of an application-cooperative management system for wireless sensor networks},
  BOOKTITLE =    {Proceedubgs of IEEE EWSN},
  YEAR =         {2005},
}
@INPROCEEDINGS{diagnosis_woo,
  AUTHOR =       {Woo, A and Tong, T and Culler, D},
  TITLE =        {Taming the underlying challenges of reliable multihop routing in sensor networks},
  BOOKTITLE =    {Proceedings of ACM SenSys},
  YEAR =         {2003},
}
@ARTICLE{udg,
  AUTHOR =       {Clark, B N and Colbourn, C J and Johnson, D S},
  TITLE =        {Unit disk graphs},
  JOURNAL =      {Discrete Mathematics},
  YEAR =         {1990},
  volume =       {86},
  number =       {1-3},
  pages =        {165-177},
}
@ARTICLE{PerturbedGrid,
  AUTHOR =       {Zhang, Y and Liu, W and Lou, W and Fang, Y},
  TITLE =        {Location-based compromise-tolerant security mechanisms for wireless sensor networks},
  JOURNAL =      {IEEE Journal on Selected Areas in Communications},
  YEAR =         {2006},
  volume =       {24},
  number =       {2},
  pages =        {247-260},
}
@INPROCEEDINGS{udg_appxi,
  AUTHOR =       {Kuhn, F and Moscibroda, T and Wattenhofer, R},
  TITLE =        {Unit disk graph approximation},
  BOOKTITLE =    {Proceedings of ACM DIALM-POMC},
  YEAR =         {2004},
}
@INPROCEEDINGS{skeleton_localization,
  AUTHOR =       {Tan, G and Jiang, H and Zhang, S and Kermarrec, A M},
  TITLE =        {Connectivity-based and anchor-free localization in large-scale 2d/3d sensor networks},
  BOOKTITLE =    {Proceedings of ACM MobiHoc},
  YEAR =         {2010},
}
@INPROCEEDINGS{segmentation_infocom07,
  AUTHOR =       {Zhu, X and Sarkar, R and Gao, J},
  TITLE =        {Shape segmentation and applications in sensor networks},
  BOOKTITLE =    {Proceedings of IEEE INFOCOM},
  YEAR =         {2007},
}
@INPROCEEDINGS{segmentation_concel,
  AUTHOR =       {Jiang, H and Yu, T and Tian, C and Tan, G and Wang, C},
  TITLE =        {Consel: Connectivity based segmentation in large-scale 2d/3d sensor networks},
  BOOKTITLE =    {Proceedings of IEEE INFOCOM},
  YEAR =         {2012},
}
@INPROCEEDINGS{segmentation_infocom12,
  AUTHOR =       {Liu, W and Wang, D and Jiang, H and Liu, W and Wang, C},
  TITLE =        {Approximate convex decomposition based localization in wireless sensor networks},
  BOOKTITLE =    {Proceedings of IEEE INFOCOM},
  YEAR =         {2012},
}
@INPROCEEDINGS{navigation_infocom06,
  AUTHOR =       {Buragohain, C and Agrawal, D and Suri, S},
  TITLE =        {Distributed navigation algorithms for sensor networks},
  BOOKTITLE =    {Proceedings of IEEE INFOCOM},
  YEAR =         {2006},
}
@ARTICLE{skeleton_vision,
  AUTHOR =       {Choi, W P and Lam, K M and Siu, W C},
  TITLE =        {Extraction of the euclidean skeleton based on a connectivity criterion},
  JOURNAL =      {Pattern Recognition},
  YEAR =         {2003},
  volume =       {36},
  number =       {3},
  pages =        {721-730},
}
@INPROCEEDINGS{skeleton_graphics,
  AUTHOR =       {Schaefer, S and Yuksel, C},
  TITLE =        {Example-based skeleton extraction},
  BOOKTITLE =    {Proceedings of Eurographics Symposium on Geometry Processing},
  YEAR =         {2007},
}

@INPROCEEDINGS{distance_transformation,
  AUTHOR =       {Borgefors, G},
  TITLE =        {Distance transformations in digital images},
  BOOKTITLE =    {Proceedings of Computer Vision, Graphics, and Image Processing},
  YEAR =         {1986},
}
@INPROCEEDINGS{wormhole_liteworp,
  AUTHOR =       {Khalil, I and Bagchi, S and Shroff, N B},
  TITLE =        {LiteWorp: A lightweight countermeasure for the wormhole attack in multihop wireless network},
  BOOKTITLE =    {Proceedings of DSN},
  YEAR =         {2005},
}
@INPROCEEDINGS{wormhole_mobiworp,
  AUTHOR =       {Khalil, I and Bagchi, S and Shroff, N B},
  TITLE =        {MobiWorp: Mitigation of the wormhole attack in mobile multihop wireless networks},
  BOOKTITLE =    {Proceedings of SECURECOMM},
  YEAR =         {2006},
}
@ARTICLE{wormhole_poovendran,
  AUTHOR =       {Poovendran, R and Lazos, L},
  TITLE =        {A graph theoretic framework for preventing the wormhole attack in wireless ad hoc networks},
  JOURNAL =      {ACM/Kluwer Wireless Networks},
  YEAR =         {2007},
  volume =       {13},
  pages =        {27-59},
}
@INPROCEEDINGS{wormhole_underwater,
  AUTHOR =       {Zhang, R and Zhang, Y},
  TITLE =        {Wormhole-resilient secure neighbor discovery in underwater acoustic networks},
  BOOKTITLE =    {Proceedings of IEEE INFOCOM},
  YEAR =         {2010},
}
@INPROCEEDINGS{wormhole_ipdps05,
  AUTHOR =       {Song, N and Qian, L and Li, X},
  TITLE =        {Wormhole attack detection in wireless ad hoc networks: A statistical analysis approach},
  BOOKTITLE =    {Proceedings of IEEE IPDPS},
  YEAR =         {2005},
}
@INPROCEEDINGS{wormhole_ESAS,
  AUTHOR =       {Buttyan, L and Dora, L and Vajda, I},
  TITLE =        {Statistical wormhole detection in sensor networks},
  BOOKTITLE =    {Proceedings of IEEE ESAS},
  YEAR =         {2005},
}
@ARTICLE{network_tomography,
  AUTHOR =       {Vardi, Y},
  TITLE =        {Network tomography: Estimating source-destination traffic intensities from link data},
  JOURNAL =      {Journal of the American Statistical Association},
  YEAR =         {1996},
  volume =       {91},
  number =       {433},
  pages =        {365-377},
}
@ARTICLE{internet_tomography,
  AUTHOR =       {Coates, A and Hero III, A O and Nowak, R and Yu, B},
  TITLE =        {Internet tomography},
  JOURNAL =      {IEEE Signal Processing Magazine},
  YEAR =         {2002},
  volume =       {19},
  number =       {3},
  pages =        {47-65},
}
@ARTICLE{Network_Tomography_survey,
  AUTHOR =       {Castro, R and Coates, M and Liang, Gang and Nowak, Robert and Yu, B},
  TITLE =        {Network Tomography: Recent Developments},
  JOURNAL =      {Statistical Science},
  YEAR =         {2004},
  volume =       {19},
  number =       {3},
  pages =        {499-517},
}
@INPROCEEDINGS{loss_tomography_ITC,
  AUTHOR =       {Coates, M},
  TITLE =        {Network loss inference using unicast end-to-end measurement},
  BOOKTITLE =    {Proceedings of ITC Seminar on IP Traffic, Measurement, and Modeling},
  YEAR =         {2000},
}
@INPROCEEDINGS{loss_tomography_infocom01,
  AUTHOR =       {Duffield, N},
  TITLE =        {Inferring link loss using striped unicast probes},
  BOOKTITLE =    {Proceedings of IEEE INFOCOM},
  YEAR =         {2001},
}
@ARTICLE{delay_tomography,
  AUTHOR =       {Tsang, Y and Coates, M and Nowak, R D},
  TITLE =        {Network Delay Tomography},
  JOURNAL =      {IEEE Transactions on Signal Processing},
  YEAR =         {2003},
  volume =       {51},
  number =       {8},
  pages =        {2125-2136},
}
@ARTICLE{tomography_congestion,
  AUTHOR =       {Rubenstein, D and Kurose, J and Towsley, D},
  TITLE =        {Detecting shared congestion of flows via end-to-end measurement},
  JOURNAL =      {IEEE/ACM Transactions on Networking},
  YEAR =         {2002},
  volume =       {10},
  number =       {3},
  pages =        {381-395},
}
@ARTICLE{tomography_wsn_sigcomm02,
  AUTHOR =       {Zhao, J and Govindan, R and Estrin, D},
  TITLE =        {Sensor network tomography: monitoring wireless sensor networks},
  JOURNAL =      {SIGCOMM Computer Communication Review},
  YEAR =         {2002},
  volume =       {32},
  number =       {1},
  pages =        {64},
}
@ARTICLE{tomography_wsn_jsac,
  AUTHOR =       {Mao, Y and Kschischang, F R and Li, B and Pasupathy, S},
  TITLE =        {A Factor Graph Approach to Link Loss Monitoring in Wireless Sensor Networks},
  JOURNAL =      {IEEE Journal on Selected Areas in Communications},
  YEAR =         {2005},
  volume =       {23},
  number =       {4},
  pages =        {820-829},
}
@INPROCEEDINGS{compression_icit,
  AUTHOR =       {Kimura, N and Latifi, S},
  TITLE =        {A survey on data compression in wireless sensor networks},
  BOOKTITLE =    {Proc. of International Conference on Information Technology: Coding and Computing},
  YEAR =         {2005},
}
@ARTICLE{aggregation_survey,
  AUTHOR =       {Rajagopalan, R and Varshney, P K},
  TITLE =        {Data-aggregation techniques in sensor networks: a survey},
  JOURNAL =      {Communications Surveys and Tutorials},
  YEAR =         {2006},
  volume =       {8},
  number =       {4},
  pages =        {48-63},
}
@INPROCEEDINGS{compression_sensys,
  AUTHOR =       {Sadler, C M and Martonosi, M},
  TITLE =        {Data compression algorithms for energy-constrained devices in delay tolerant networks},
  BOOKTITLE =    {Proceedings of ACM SenSys},
  YEAR =         {2006},
}
%%%%%%%%%%%%%%%%%%%%%%%%%%%%
%%挖掘时间相关性的压缩算法%%
%%%%%%%%%%%%%%%%%%%%%%%%%%%%
@INPROCEEDINGS{compression_mobicom02,
  AUTHOR =       {Scaglione, A and Servetto, S},
  TITLE =        {On the interdependence of routing and data compression in multi-hop sensor networks},
  BOOKTITLE =    {Proceedings of ACM MOBICOM},
  YEAR =         {2002},
}
@ARTICLE{compression_spm,
  AUTHOR =       {Pradhan, S and Kusuma, J and Ramchandran, K},
  TITLE =        {Distributed compression in a dense microsensor network},
  JOURNAL =      {IEEE Signal Processing Magazine},
  YEAR =         {2002},
  volume =       {19},
  number =       {2},
  pages =        {51-60},
}
%%%%%%%%%%%%%%%%%%%%%%%%%%%%
%%挖掘空间相关性的压缩算法%%
%%%%%%%%%%%%%%%%%%%%%%%%%%%%
@INPROCEEDINGS{compression_sensys04,
  AUTHOR =       {Batalin, M and Sukhatme, G and Yu, Y and Rahimi, M and Pottie, G and Kaiser, W and Estrin, D},
  TITLE =        {Call and response: experiments in sampling the environment},
  BOOKTITLE =    {Proceedings of ACM SenSys},
  YEAR =         {2004},
}
@INPROCEEDINGS{compression_dmsn04,
  AUTHOR =       {Emekci, F and Tuna, S E and Agrawal, D and Abbadi, A E},
  TITLE =        {BINOCULAR: A System Monitoring Framework},
  BOOKTITLE =    {Proceedings of DMSN},
  YEAR =         {2004},
}
@INPROCEEDINGS{compression_ICC,
  AUTHOR =       {Yoon, S and Shahabi, C},
  TITLE =        {Exploiting spatial correlation towards an energy efficient clustered aggregation technique (CAG)},
  BOOKTITLE =    {Proceedings of IEEE ICC},
  YEAR =         {2005},
}
@INPROCEEDINGS{compression_ipsn,
  AUTHOR =       {Pattem, S and Krishnamachari, B and Govindan, R},
  TITLE =        {The impact of spatial correlation on routing with compression in wireless sensor networks},
  BOOKTITLE =    {Proceedings of Information Processing in Sensor Networks},
  YEAR =         {2004},
}
%%%%%%%%%%%%%%%%%%%%%%%%%%%
@ARTICLE{compression_tpds,
  AUTHOR =       {Liu, C and Wu, K and Pei, J},
  TITLE =        {An energy-efficient data collection framework for wireless sensor networks by exploiting spatiotemporal correlation},
  JOURNAL =      {IEEE Transactions on Parallel and Distributed Systems},
  YEAR =         {2007},
  volume =       {18},
  number =       {7},
  pages =        {1010-1023},
}
@INPROCEEDINGS{compression_infocom10,
  AUTHOR =       {Wang, P and Dai, R and Akyildiz, F},
  TITLE =        {Collaborative data compression using clustered source coding for wireless multimedia sensor networks},
  BOOKTITLE =    {Proceedings of IEEE INFOCOM},
  YEAR =         {2010},
}
@INPROCEEDINGS{segmentation_infocom09,
  AUTHOR =       {Tan, G and Bertier, M and Kermarrec, A-M},
  TITLE =        {Convex partition of sensor networks and its use in virtual coordinate geographic routing},
  BOOKTITLE =    {Proceedings of IEEE INFOCOM},
  YEAR =         {2009},
}
@INPROCEEDINGS{segmentation_mobihoc10,
  AUTHOR =       {Kermarrec, A-M and Tan, G},
  TITLE =        {Greedy geographic routing in largescale sensor networks: a minimum network decomposition approach},
  BOOKTITLE =    {Proceedings of ACM MobiHoc},
  YEAR =         {2010},
}
@INPROCEEDINGS{virtual_coordinate_dialmpomc,
  AUTHOR =       {Moscibroda, T and O'Dell, R and Wattenhofer, M and Wattenhofer, R},
  TITLE =        {Virtual coordinates for ad hoc and sensor networks},
  BOOKTITLE =    {Proceedings of DIALMPOMC},
  YEAR =         {2004},
}
@INPROCEEDINGS{virtual_coordinate_mobicom03,
  AUTHOR =       {Rao, A and Ratnasamy, S and Papadimitriou, C and Shenker, S and Stoica, I},
  TITLE =        {Geographic routing without location information},
  BOOKTITLE =    {Proceeding of ACM MobiCom},
  YEAR =         {2003},
}
@INPROCEEDINGS{virtual_coordinate_infocom08,
  AUTHOR =       {Tsai, M and Yang, H and Huang, W},
  TITLE =        {Axis-based virtual coordinate assignment protocol and delivery-guaranteed routing protocol in wireless sensor networks},
  BOOKTITLE =    {Proceedings of IEEE INFOCOM},
  YEAR =         {2008},
}
@INPROCEEDINGS{virtual_coordinate_infocom07,
  AUTHOR =       {Klernberg, R},
  TITLE =        {Geographic routing using hyperbolic space},
  BOOKTITLE =    {Proceedings of IEEE INFOCOM},
  YEAR =         {2007},
}
@INPROCEEDINGS{virtual_coordinate_ipsn09,
  AUTHOR =       {Sarkar, R and Yin, X and Gao, J and Luo, F and Gu, X},
  TITLE =        {Greedy routing with guaranteed delivery using ricci flows},
  BOOKTITLE =    {Proceedings of ACM/IEEE IPSN},
  YEAR =         {2009},
}
@INPROCEEDINGS{virtual_coordinate_infocom10,
  AUTHOR =       {Zeng, W and Sarkar, R and Luo, F and Gu, X and Gao, J},
  TITLE =        {Resilient routing for sensor networks using hyperbolic embedding of universal covering space},
  BOOKTITLE =    {Proceedings of IEEE INFOCOM},
  YEAR =         {2010},
}
@ARTICLE{rubberband,
  AUTHOR =       {Linial, N and Lovasz, L and Wigderson, A},
  TITLE =        {Rubber bands, convex embeddings and graph connectivity},
  JOURNAL =      {Combinatorica},
  YEAR =         {1988},
  volume =       {8},
  number =       {1},
  pages =        {91-102},
}
@ARTICLE{bipartite,
  AUTHOR =       {Eppstein, D},
  TITLE =        {Arboricity and bipartite subgraph listing algorithms},
  JOURNAL =      {Information Processing Letters},
  YEAR =         {1994},
  volume =       {51},
  number =       {4},
  pages =        {207-211},
}
@ARTICLE{arboricity,
  AUTHOR =       {Catlin, P A and Lai, H J},
  TITLE =        {Vertex arboricity and maximum degree},
  JOURNAL =      {Discrete Mathmatics},
  YEAR =         {1995},
  volume =       {144},
  pages =        {37-46},
}
@INPROCEEDINGS{raj,
  AUTHOR =       {Rajagopal, R and Nguyen, X and Ergen, S C and Varaiya, P},
  TITLE =        {Distributed online simultaneous fault detection for multiple sensors},
  BOOKTITLE =    {Proceedings of ACM/IEEE IPSN},
  YEAR =         {2008},
}
@INPROCEEDINGS{post,
  AUTHOR =       {Chen, Z and Shin, K G},
  TITLE =        {Post-deployment performance debugging in wireless sensor networks},
  BOOKTITLE =    {Proceedings of IEEE RTSS},
  YEAR =         {2009},
}
@INPROCEEDINGS{miao,
  AUTHOR =       {Miao, X and Liu, K and He, Y and Liu, Y and Papadias, D},
  TITLE =        {Agnostic diagnosis: discovering silent failures in wireless sensor networks},
  BOOKTITLE =    {Proceedings of IEEE INFOCOM},
  YEAR =         {2011},
}
@INPROCEEDINGS{damgard,
  AUTHOR =       {Damgard, I},
  TITLE =        {Collision free hash functions and public key signature schemes},
  BOOKTITLE =    {Proceedings of the 6th Annual International Conference on Theory and Application of Cryptographic Techniques},
  YEAR =         {1987},
}
@BOOK{bookcryp,
  AUTHOR =       {Stinson, D G},
  TITLE =        {Cryptography: Theory and Practice},
  PUBLISHER =    {CRC Press},
  YEAR =         {1995},
}
@ARTICLE{LLL,
  AUTHOR =       {Liu, Y and Yang, Z and Wang, X and Jian, L},
  TITLE =        {Location, localization, and localizability},
  JOURNAL =      {Journal of Computer Science and Technology},
  YEAR =         {2010},
  volume =       {25},
  number =       {2},
  pages =        {274-297},
}
@ARTICLE{pla_curve,
  AUTHOR =       {Dunham, J G},
  TITLE =        {Optimum uniform piecewise linear approximation of planar curves},
  JOURNAL =      {IEEE Transactions on Pattern Analysis and Machine Intelligence},
  YEAR =         {1986},
  volume =       {PAMI-8},
  number =       {1},
  pages =        {67-75},
}
@INPROCEEDINGS{pla_timeseries,
  AUTHOR =       {Keogh, E and Pazzani, M},
  TITLE =        {An enhanced representation of time series which allows fast and accurate classification, clustering and relevance feedback},
  BOOKTITLE =    {Proceedings of the 4th International Conference of Knowledge Discovery and Data Mining},
  YEAR =         {1998},
}
@INPROCEEDINGS{pla_sensordata,
  AUTHOR =       {Nath, S},
  TITLE =        {Energy efficient sensor data logging with amnesic flash storage},
  BOOKTITLE =    {Proceedings of ACM/IEEE IPSN},
  YEAR =         {2009},
}
@BOOK{datamining,
  AUTHOR =       {Last, M and Kandel, A and Bunke, H},
  TITLE =        {Data mining in time series databases},
  PUBLISHER =    {World Scientific},
  YEAR =         {2004},
}
@INPROCEEDINGS{optimal_PLA,
  AUTHOR =       {Manis, G and Papakonstantinou, G and Tsanakas, P},
  TITLE =        {Optimal piece-wise linear approximation of digitized curves},
  BOOKTITLE =    {Proceedings of the 13th International Conference on Digital Signal Processing},
  YEAR =         {1997},
}
@TECHREPORT{plamlis,
  AUTHOR =       {Liu, C and Wu, K},
  TITLE =        {Optimal and approximate solutions to PLAMLiS problem in wireless sensor networks},
  INSTITUTION =  {University of Victoria},
  YEAR =         {2005},
  number =       {DCS-313-IR},
  month =        {September},
}
@INPROCEEDINGS{ZoneAngle,
  AUTHOR =       {Soroush, E and Wu, K and Pei, J},
  TITLE =        {Fast and quality-guaranteed data streaming in resource-constrained sensor networks},
  BOOKTITLE =    {Proceedings of ACM MobiHoc},
  YEAR =         {2008},
}
@INBOOK{skeleton_def1,
  AUTHOR =       {Blum, H},
  TITLE =        {Transformation for extracting new descriptors of shape, models for the perception of speech and visual form},
  pages =        {363–380},
  PUBLISHER =    {MIT Press},
  YEAR =         {1967},
}
@ARTICLE{skeleton_def2,
  AUTHOR =       {Blum, H},
  TITLE =        {Biological shape and visual science (Part I)},
  JOURNAL =      {Theoretical Biology},
  YEAR =         {1973},
  volume =       {38},
  pages =        {205-287},
}
@INPROCEEDINGS{mds_boundary,
  author =       {Schieferdecker, Dennis and Volker, Markus and Wagner, Dorothea},
  title =        {Boundary detection in wireless sensor networks},
  booktitle =    {Proceedings of the $10^{th}$ International Symposium on Experimental Algorithms},
  year =         {2011},
}
@INPROCEEDINGS{mds_localization1,
  author =       {Oh, Sewoong and Karbasi, Amin and Montanari, Andrea},
  title =        {Sensor network localization from local connectivity: performance analysis for the MDS-MAP algorithm},
  booktitle =    {Proceedings of IEEE ITW},
  year =         {2010},
}
@ARTICLE{mds_localization2,
  author =       {Agrawal, Rashmi and Patel, Brajesh},
  title =        {Localization in wireless sensor network using MDS},
  journal =      {International Journal of Smart Sensors and Ad Hoc Networks},
  year =         {2012},
  volume =       {1},
  number =       {3},
  pages =        {26-31},
}
@INPROCEEDINGS{wsn_tomography,
  author =       {Nguyen, H and Thiran, P},
  title =        {Using end-to-end data to infer lossy links in sensor networks},
  booktitle =    {Proceedings of IEEE INFOCOM},
  year =         {2006},
}
@INPROCEEDINGS{wsn_tomography_sensys12,
  author =       {Keller, Matthias and Beutel, Jan and Thiele, Lothar},
  title =        {How was your journey? Uncovering routing dynamics in deployed sensor networks with multi-hop network tomography},
  booktitle =    {Proceedings of ACM SenSys},
  year =         {2012},
}
@INPROCEEDINGS{diagnosis_mobisys07,
  author =       {Krunic, V and Trumpler, E and Han, R},
  title =        {NodeMD: Diagnosing nodelevel faults in remote wireless sensor systems},
  booktitle =    {Proceedings of MobiSys},
  year =         {2007},
}
@ARTICLE{diagnosis_esl,
  author =       {Shea, R and Srivastava, M and Cho, Y},
  title =        {Optimizing bandwidth of call traces for wireless embedded systems},
  journal =      {IEEE Embedded Systems Letters},
  year =         {2009},
  volume =       {1},
  number =       {1},
  pages =        {28-32},
}
@INPROCEEDINGS{diagnosis_nicop08,
  author =       {Hasler, A and Talzi, I and Beutel, J and Tschudin, C and Gruber, S},
  title =        {Wireless sensor networks in Permafrost research: concept, requirements, implementation and challenges},
  booktitle =    {Proceedings of NICOP},
  year =         {2008},
}
@INPROCEEDINGS{diagnosis_date10,
  author =       {Sher, R and Srivastava, M and Cho, Y},
  title =        {Scoped identifiers for efficient bit aligned logging},
  booktitle =    {Proceedings of DATE},
  year =         {2010},
}
@INPROCEEDINGS{diagnosis_sensys08,
  author =       {Khan, M M H and Le, H and Ahmadi, H and Abdelzaher, T and Han, J},
  title =        {Dustminer: Troubleshooting interactive complexity bugs in sensor networks},
  booktitle =    {Proceedings of ACM SenSys},
  year =         {2008},
}
@INPROCEEDINGS{diagnosis_ipsn10,
  author =       {Khan, M M H and Le, H and Lemay, M and Moinzadeh, P and Wang, L and Yang, Y and Noh, D K and Abdelzaher, T and Gunter, C A and Han, J and Jin, X},
  title =        {Diagnostic power tracing for sensor node failure analysis},
  booktitle =    {Proceedings of ACM/IEEE IPSN},
  year =         {2010},
}
@INPROCEEDINGS{trace_compression,
  author =       {Sundaram, Vinaitheerthan and Eugster, Patrick and Zhang, Xiangyu},
  title =        {Prius: Generic Hybrid Trace Compression for Wireless Sensor Networks},
  booktitle =    {Proceedings of ACM SenSys},
  year =         {2012},
}
@ARTICLE{mds_complexity,
  author =       {Bronstein, A M and Bronstein, M M and Kimmel, R},
  title =        {Generalized multidimensional scaling: a framework for isometry-invariant partial surface matching},
  journal =      {Proceedings of the National Academy of Sciences},
  year =         {2006},
  volume =       {103},
  number =       {5},
}



@Inbook{flowcontrol,
  author = 	 "Dennis Abts and John Kim",
  editor =       "Mark D. Hill",
  title =        "High Performance Datacenter Networks",
  subtitle =     "Architectures, Algorithms, and Opportunities",
  series =       "Synthesis Lectures on Computer Architecture",
  year =         "2011",
  volume = 	 "14",
  address =      "",
  edition =      "1st.",
  publisher =    "Morgan and Claypool",
  doi = 	 "10.2200/S00341ED1V01Y201103CAC014",
  url = 	 "http://dx.doi.org/10.2200/S00341ED1V01Y201103CAC014",
  chapter = 	 "1.6",
  pages = 	 "7-9",
  number = 	 "",
  type = 	 "",
  month = 	 "",
  note = 	 "",
}

@article{encode8b10b,
 author = {Al X. Widmer and Peter A. Franaszek},
 title = {A DC-Balanced, Partitioned-Block, 8B/10B Transmission Code},
 journal = {IBM Journal of Research and Development},
 issue_date = {May. 1983},
 volume = {27},
 number = {5},
 month = {May},
 year = {1983},
 issn = {0018-8646},
 pages = {440-451},
 url = {http://dx.doi.org/10.1147/rd.275.0440},
 doi = {10.1147/rd.275.0440},
 publisher = {IBM},
 address = {}
}


@misc{pcie21,
  author =       "PCI-SIG",
  year =         "2009",
  title =        "PCI Express Base 2.1 Specification",
  lastaccessed = "January 25, 2013",
  url =          "http://www.pcisig.com/members/downloads/specifications/pciexpress/PCI_Express_Base_r2_1_04Mar09.pdf",
  howpublished = "",
}

@misc{IEEE8023_S3,
  author =       "IEEE",
  year =         "2012",
  title =        "IEEE Standard for Ethernet SECTION THREE",
  lastaccessed = "January 25, 2013",
  url =          "http://standards.ieee.org/getieee802/download/802.3-2012_section3.pdf",
  howpublished = "",
}

@misc{IEEE8023_S4,
  author =       "IEEE",
  year =         "2012",
  title =        "IEEE Standard for Ethernet SECTION FOURTH",
  lastaccessed = "January 25, 2013",
  url =          "http://standards.ieee.org/getieee802/download/802.3-2012_section4.pdf",
  howpublished = "",
}

@Inproceedings{ShenICCAD09,
  author =       "ShengYu Shen and Jianmin Zhang and Ying Qin and Sikun Li",
  title =        "Synthesizing complementary circuits automatically",
  booktitle =    "Proceedings of the 2009 International Conference on Computer-Aided Design",
  series = 	 "ICCAD '09",
  editor = 	 "",
  year =         "2009",
  publisher =    "IEEE Press",
  address = 	 "San Jose, CA, USA",
  pages =        "381--388",
  doi = 	 "10.1145/1687399.1687472",
  url = 	 "http://dx.doi.org/10.1145/1687399.1687472",
  number =	 "",
  month = 	 "",
  organization = "",
  note = 	 "",
}

@article{ShenTCAD10,
 author = {ShengYu Shen and Ying Qin and KeFei Wang and LiQuan Xiao and Jianmin Zhang and Sikun Li.},
 title = {Synthesizing Complementary Circuits Automatically},
 journal = {IEEE Transactions on Computer-Aided Design of Integrated Circuits and Systems},
 issue_date = {Aug. 2010},
 volume = {29},
 number = {8},
 month = {August},
 year = {2010},
 issn = {0278-0070},
 pages = {29:1191--29:1202},
 url = {http://doi.acm.org/10.1109/TCAD.2010.2049152},
 doi = {10.1109/TCAD.2010.2049152},
 publisher = {IEEE Press},
 address = {Piscataway, NJ, USA }
}





@article{ShenTCAD11,
 author = {ShengYu Shen and Ying Qin and LiQuan Xiao and KeFei Wang and Jianmin Zhang and Sikun Li.},
 title = {A Halting Algorithm to Determine the Existence of the Decoder},
 journal = {IEEE Transactions on Computer-Aided Design of Integrated Circuits and Systems},
 issue_date = {Oct. 2011},
 volume = {30},
 number = {10},
 month = {October},
 year = {2011},
 issn = {0278-0070},
 pages = {30:1556--30:1563},
 url = {http://doi.acm.org/10.1109/TCAD.2011.2159792},
 doi = {10.1109/TCAD.2011.2159792},
 publisher = {IEEE Press},
 address = {Piscataway, NJ, USA }
}


@Inproceedings{ShenICCAD11,
  author =       "ShengYu Shen and Ying Qin and Jianmin Zhang",
  title =        "Inferring assertion for complementary synthesis",
  booktitle =    "Proceedings of the 2011 International Conference on Computer-Aided Design",
  series = 	 "ICCAD '11",
  editor = 	 "",
  year =         "2011",
  publisher =    "IEEE Press",
  address = 	 "San Jose, CA, USA",
  pages =        "404--411",
  doi = 	 "10.1109/ICCAD.2011.6105361",
  url = 	 "http://dx.doi.org/10.1109/ICCAD.2011.6105361",
  number =	 "",
  month = 	 "",
  organization = "",
  note = 	 "",
}


@article{ShenTCAD12,
 author = {ShengYu Shen and Ying Qin and KeFei Wang and Zhengbin Pang and Jianmin Zhang and Sikun Li.},
 title = {Inferring Assertion for Complementary Synthesis},
 journal = {IEEE Transactions on Computer-Aided Design of Integrated Circuits and Systems},
 issue_date = {Aug. 2012},
 volume = {31},
 number = {8},
 month = {August},
 year = {2012},
 issn = {0278-0070},
 pages = {31:1288--31:1292},
 url = {http://doi.acm.org/10.1109/TCAD.2012.2190735},
 doi = {10.1109/TCAD.2012.2190735},
 publisher = {IEEE Press},
 address = {Piscataway, NJ, USA }
}


@Inproceedings{LiuICCAD11,
  author =       "Hsiou-Yuan Liu and Yen-Cheng Chou and Chen-Hsuan Lin and Jie-Hong R. Jiang",
  title =        "Towards completely automatic decoder synthesis",
  booktitle =    "Proceedings of the 2011 International Conference on Computer-Aided Design, ICCAD 2011",
  series = 	 "ICCAD '11",
  editor = 	 "",
  year =         "2011",
  publisher =    "IEEE Press",
  address = 	 "San Jose, CA, USA",
  pages =        "389--395",
  doi = 	 "10.1109/ICCAD.2011.6105359",
  url = 	 "http://dx.doi.org/10.1109/ICCAD.2011.6105359",
  number =	 "",
  month = 	 "",
  organization = "",
  note = 	 "",
}


@article{LiuTCAD12,
 author = {Hsiou-Yuan Liu and Yen-Cheng Chou and Chen-Hsuan Lin and Jie-Hong R. Jiang.},
 title = {Automatic Decoder Synthesis: Methods and Case Studies},
 journal = {IEEE Transactions on Computer-Aided Design of Integrated Circuits and Systems},
 issue_date = {Sep. 2012},
 volume = {31},
 number = {9},
 month = {September},
 year = {2012},
 issn = {0278-0070},
 pages = {31:1319--31:1331},
 url = {http://doi.acm.org/10.1109/TCAD.2012.2191288},
 doi = {10.1109/TCAD.2012.2191288},
 publisher = {IEEE Press},
 address = {Piscataway, NJ, USA }
}

@Inproceedings{TuDAC13,
  author =       "Kuan-Hua Tu and Jie-Hong R. Jiang",
  title =        "Synthesis of feedback decoders for initialized encoders",
  booktitle =    "Proceedings of the 50th Annual Design Automation Conference, DAC 2013",
  series = 	 "DAC '13",
  editor = 	 "",
  year =         "2013",
  publisher =    "ACM Press",
  address = 	 "Austin, TX, USA",
  pages =        "1--6",
  doi = 	 "10.1145/2463209.2488794",
  url = 	 "http://dx.doi.org/10.1145/2463209.2488794",
  number =	 "",
  month = 	 "",
  organization = "",
  note = 	 "",
}


@Incollection{EXTSAT,
  author =       "Niklas E\'en and Niklas S{\"o}rensson",
  title =        "An extensible sat-solver",
  series =       "Lecture Notes in Computer Science",
  booktitle =    "Theory and Applications of Satisfiability Testing, 6th International Conference, SAT 2003",
  publisher =    "Springer-Verlag",
  address =      "Berlin Heidelberg",
  volume = 	 "2919",
  year =         "2003",
  chapter =      "",
  editor = 	 "Enrico Giunchiglia, Armando Tacchella",
  pages =        "502--518",
  doi = 	 "10.1007/978-3-540-24605-3_37",
  url = 	 "http://dx.doi.org/10.1007/978-3-540-24605-3_37",
  edition = 	 "",
  number = 	 "",
  type = 	 "",
  month = 	 "",
  note = 	 "",
}

@Inproceedings{CHAFF,
  author =       "Matthew W. Moskewicz and Conor F. Madigan and Ying Zhao and Lintao Zhang and Sharad Malik",
  title =        "Chaff: Engineering an Efficient SAT Solver",
  booktitle =    "Proceedings of the 38th Design Automation Conference, DAC 2001",
  series = 	 "DAC '01",
  editor = 	 "",
  year =         "2001",
  publisher =    "ACM Press",
  address = 	 "Las Vegas, NV, USA",
  pages =        "530--535",
  doi = 	 "10.1145/378239.379017",
  url = 	 "http://dx.doi.org/10.1145/378239.379017",
  number =	 "",
  month = 	 "",
  organization = "",
  note = 	 "",
}
@Inproceedings{grasp,
  author =       "Jo{\~a}o P. Marques Silva and Karem A. Sakallah",
  title =        "GRASP - a new search algorithm for satisfiability",
  booktitle =    "Proceedings of the 1996 IEEE/ACM international conference on Computer-aided design, ICCAD 1996",
  series = 	 "ICCAD '96",
  editor = 	 "",
  year =         "1996",
  publisher =    "ACM and IEEE Computer Society",
  address = 	 "San Jose, CA, USA",
  pages =        "220--227",
  number =	 "",
  month = 	 "",
  organization = "",
  note = 	 "",
}

@Inproceedings{BERKMIN,
  author =       "Evguenii I. Goldberg and Yakov Novikov",
  title =        "BerkMin: a fast and robust SAT-solver",
  booktitle =    "Proceedings of the conference on Design, automation and test in Europe, DATE 2002",
  series = 	 "DATE '02",
  editor = 	 "",
  year =         "2002",
  publisher =    "IEEE Computer Society",
  address = 	 "Paris, France",
  pages =        "142--149",
  number =	 "",
  month = 	 "",
  organization = "",
  note = 	 "",
}


@Article{Craig,
  author 	= "William Craig",
  title 	= "Linear reasoning: A new form of the herbrand-gentzen theorem",
  journal 	= "The Journal of Symbolic Logic",
  volume 	= "22",
  number 	= "3",
  month 	= sep,
  year 		= "1957",
  pages 	= "250--268",
  note		= "",
}

@Incollection{interp_McMillan,
  author =       "Kenneth L. McMillan",
  title =        "Interpolation and sat-based model checking",
  series =       "Lecture Notes in Computer Science",
  booktitle =    "Computer Aided Verification, 15th International Conference, CAV 2003",
  publisher =    "Springer-Verlag",
  address =      "Berlin Heidelberg",
  volume = 	 "2725",
  year =         "2003",
  chapter =      "",
  editor = 	 "Warren A. Hunt Jr., Fabio Somenzi ",
  pages =        "1--13",
  doi = 	 "10.1007/978-3-540-45069-6_1",
  url = 	 "http://dx.doi.org/10.1007/978-3-540-45069-6_1",
  edition = 	 "",
  number = 	 "",
  type = 	 "",
  month = 	 "",
  note = 	 "",
}

@Article{MEALY,
  author 	= "GEORGE H. MEALY ",
  title 	= "A method for synthesizing sequential circuits",
  journal 	= "THE BELL SYSTEM TECHNICAL JOURNAL",
  volume 	= "34",
  number 	= "5",
  month 	= sep,
  year 		= "1955",
  pages 	= "1045--1079",
  note		= "",
}


@Incollection{BradleyVMCAI11,
  author =       "Aaron R. Bradley",
  title =        "SAT-based model checking without unrolling",
  series =       "Lecture Notes in Computer Science",
  booktitle =    "Verification, Model Checking, and Abstract Interpretation, 12th International Conference, VMCAI 2011",
  publisher =    "Springer-Verlag",
  address =      "Berlin Heidelberg",
  volume = 	 "6538",
  year =         "2011",
  chapter =      "",
  editor = 	 "Ranjit Jhala, David A. Schmidt",
  pages =        "70--87",
  doi = 	 "10.1007/978-3-642-18275-4_7",
  url = 	 "http://dx.doi.org/10.1007/978-3-642-18275-4_7",
  edition = 	 "",
  number = 	 "",
  type = 	 "",
  month = 	 "",
  note = 	 "",
}

@Inproceedings{EenFMCAD11,
  author =       "Niklas E{\'e}n and Alan Mishchenko and Robert K. Brayton",
  title =        "Efficient implementation of property-directed reachability",
  booktitle =    "Proceedings of the International Conference on Formal Methods in Computer-Aided Design,FMCAD 2011",
  series = 	 "FMCAD '11",
  editor = 	 "",
  year =         "2011",
  publisher =    "FMCAD Inc",
  address = 	 "Austin, TX, USA",
  pages =        "125--134",
  number =	 "",
  month = 	 "",
  organization = "",
  note = 	 "",
}

@Inproceedings{dim_syn,
  author =       "Sumit Gulwani",
  title =        "Dimensions in program synthesis",
  booktitle =    "Proceedings of the 12th international ACM SIGPLAN symposium on Principles and practice of declarative programming,PPDP 2010",
  series = 	 "PPDP '10",
  editor = 	 "",
  year =         "2010",
  publisher =    "ACM Press",
  address = 	 "Hagenberg, Austria",
  pages =        "13--24",
  doi = 	 "10.1145/1836089.1836091",
  url = 	 "http://dx.doi.org/10.1145/1836089.1836091",
  number =	 "",
  month = 	 "",
  organization = "",
  note = 	 "",
}

@Inproceedings{prog_inv,
  author =       "Edsger W. Dijkstra	",
  title =        "Program Inversion",
  booktitle =    "Proceeding of Program Construction, International Summer School",
  year =         "1979",
  publisher =    "Springer-Verlag",
  address = 	 "London, UK",
  pages =        "54--57",
  number =	 "",
  month = 	 "",
  organization = "",
  note = 	 "",
}



@article{mtd_autoProginv,
 author = {Robert Gl\"uck and Masahiko Kawabe.},
 title = {A method for automatic program inversion based on LR(0) parsing},
 journal = {Journal Fundamenta Informaticae},
 issue_date = {Jan. 2005},
 volume = {66},
 number = {4},
 month = {January},
 year = {2005},
 issn = {1875-8681},
 pages = {367--395},
 url = {http://doi.acm.org/10.1109/TCAD.2012.2191288},
 doi = {10.1109/TCAD.2012.2191288},
 publisher = {IOS Press}
}

@Inproceedings{converter_date08,
  author =       "Karin Avnit and Vijay D'Silvaand Arcot Sowmya and S. Rameshand Sri Parameswaran",
  title =        "A Formal Approach To The Protocol Converter Problem",
  booktitle =    "Proceedings of the conference on Design, automation and test in Europe,DATE 2008",
  series = 	 "DATE '08",
  editor = 	 "",
  year =         "2008",
  publisher =    "ACM Press",
  address = 	 "Munich, Germany",
  pages =        "294--299",
  doi = 	 "10.1109/DATE.2008.4484695",
  url = 	 "http://dx.doi.org/10.1109/DATE.2008.4484695",
  number =	 "",
  month = 	 "",
  organization = "",
  note = 	 "",
}

@article{converter_todeas09,
 author = {Karin Avnit and Vijay D'Silva and Arcot Sowmya and S. Ramesh and Sri Parameswaran.},
 title = {Provably correct on-chip communication: A formal approach to automatic protocol converter synthesis},
 journal = {ACM Transactions on Design Automation of Electronic Systems},
 issue_date = {Mar. 2009},
 volume = {14},
 number = {2},
 month = {March},
 year = {2009},
 issn = {1084-4309},
 pages = {14:1--14:41},
 url = {http://doi.acm.org/10.1145/1497561.1497562},
 doi = {10.1145/1497561.1497562},
 publisher = {ACM Press},
 address = {New York, NY, USA }
}


@Inproceedings{converter_date09,
  author =       "Karin Avnit and Arcot Sowmya",
  title =        "A formal approach to design space exploration of protocol converters",
  booktitle =    "Proceedings of the Conference on Design, Automation and Test in Europe,DATE 2009",
  series = 	 "DATE '09",
  editor = 	 "",
  year =         "2009",
  publisher =    "European Design and Automation Association",
  address = 	 "3001 Leuven, Belgium, Belgium",
  pages =        "129--134",
  doi = 	 "10.1109/DATE.2009.5090645",
  url = 	 "http://dx.doi.org/10.1109/DATE.2009.5090645",
  number =	 "",
  month = 	 "",
  organization = "",
  note = 	 "",
}


@Inproceedings{program_inversion_11,
  author =       "Saurabh Srivastava and Sumit Gulwani and Swarat Chaudhuri and Jeffrey S. Foster",
  title =        "Path-based inductive synthesis for program inversion",
  booktitle =    "Proceedings of the 32nd ACM SIGPLAN conference on Programming language design and implementation,PLDI 2011",
  series = 	 "PLDI '11",
  editor = 	 "",
  year =         "2011",
  publisher =    "ACM Press",
  address = 	 "San Jose, CA, USA",
  pages =        "492--503",
  doi = 	 "10.1145/1993498.1993557",
  url = 	 "http://dx.doi.org/10.1145/1993498.1993557",
  number =	 "",
  month = 	 "",
  organization = "",
  note = 	 "",
}

@Incollection{SATUNBMC,
  author =       "Kenneth L. McMillan",
  title =        "Applying sat methods in unbounded symbolic model checking",
  series =       "Lecture Notes in Computer Science",
  booktitle =    "International Conference on Computer Aided Verification, CAV 2002",
  publisher =    "Springer-Verlag",
  address =      "Berlin Heidelberg",
  volume = 	 "2404",
  year =         "2002",
  chapter =      "",
  editor = 	 "Ed Brinksma, Kim Guldstrand Larsen",
  pages =        "250--264",
  doi = 	 "10.1007/3-540-45657-0_19",
  url = 	 "http://dx.doi.org/10.1007/3-540-45657-0_19",
  edition = 	 "",
  number = 	 "",
  type = 	 "",
  month = 	 "",
  note = 	 "",
}

@Incollection{MINASS,
  author =       " Kavita Ravi and Fabio Somenzi ",
  title =        "Minimal assignments for bounded model checking",
  series =       "Lecture Notes in Computer Science",
  booktitle =    " Tools and Algorithms for the Construction and Analysis of Systems, 10th International Conference, TACAS 2004",
  publisher =    "Springer-Verlag",
  address =      "Berlin Heidelberg",
  volume = 	 "2988",
  year =         "2004",
  chapter =      "",
  editor = 	 "Kurt Jensen, Andreas Podelski",
  pages =        "31--45",
  doi = 	 "10.1007/978-3-540-24730-2_3",
  url = 	 "http://dx.doi.org/10.1007/978-3-540-24730-2_3",
  edition = 	 "",
  number = 	 "",
  type = 	 "",
  month = 	 "",
  note = 	 "",
}

@Incollection{EFFCON,
  author =       "  HoonSang Jin and HyoJung Han and Fabio Somenzi ",
  title =        "Efficient conflict analysis for finding all satisfying assignments of a boolean circuit",
  series =       "Lecture Notes in Computer Science",
  booktitle =    " Tools and Algorithms for the Construction and Analysis of Systems, 11th International Conference, TACAS 2005",
  publisher =    "Springer-Verlag",
  address =      "Berlin Heidelberg",
  volume = 	 "3440",
  year =         "2005",
  chapter =      "",
  editor = 	 "Nicolas Halbwachs, Lenore D. Zuck",
  pages =        "287--300",
  doi = 	 "10.1007/978-3-540-31980-1_19",
  url = 	 "http://dx.doi.org/10.1007/978-3-540-31980-1_19",
  edition = 	 "",
  number = 	 "",
  type = 	 "",
  month = 	 "",
  note = 	 "",
}



@Incollection{MINCEX,
  author =       "  ShengYu Shen and Ying Qin and Sikun Li",
  title =        "Minimizing counterexample with unit core extraction and incremental sat",
  series =       "Lecture Notes in Computer Science",
  booktitle =    " Verification, Model Checking, and Abstract Interpretation, 6th International Conference, VMCAI 2005",
  publisher =    "Springer-Verlag",
  address =      "Berlin Heidelberg",
  volume = 	 "3385",
  year =         "2005",
  chapter =      "",
  editor = 	 "Radhia Cousot",
  pages =        "298--312",
  doi = 	 "10.1007/978-3-540-30579-8_20",
  url = 	 "http://dx.doi.org/10.1007/978-3-540-30579-8_20",
  edition = 	 "",
  number = 	 "",
  type = 	 "",
  month = 	 "",
  note = 	 "",
}

@Incollection{MEMEFFALLSAT,
  author =       "   Orna Grumberg and Assaf Schuster and Avi Yadgar",
  title =        "Memory efficient all-solutions sat solver and its application for reachability analysis",
  series =       "Lecture Notes in Computer Science",
  booktitle =    " International Conference on Formal Methods in Computer-Aided Design,FMCAD 2011",
  publisher =    "Springer-Verlag",
  address =      "Berlin Heidelberg",
  volume = 	 "3312",
  year =         "2004",
  chapter =      "",
  editor = 	 "Alan J. Hu, Andrew K. Martin ",
  pages =        "275--289",
  doi = 	 "10.1007/978-3-540-30494-4_20",
  url = 	 "http://dx.doi.org/10.1007/978-3-540-30494-4_20",
  edition = 	 "",
  number = 	 "",
  type = 	 "",
  month = 	 "",
  note = 	 "",
}

@Inproceedings{REPARAM,
  author =       "Pankaj Chauhan and Edmund M. Clarke and Daniel Kroening",
  title =        "A sat-based algorithm for reparameterization in symbolic simulation",
  booktitle =    "Proceedings of the 41th Design Automation Conference, DAC 2004",
  series = 	 "DAC '04",
  editor = 	 "",
  year =         "2004",
  publisher =    "IEEE",
  address = 	 "",
  pages =        "524--529",
  number =	 "",
  month = 	 "",
  organization = "",
  note = 	 "",
}

@Inproceedings{PRIMECLAUSE,
  author =       "HoonSang Jin and Fabio Somenzi:",
  title =        "Prime clauses for fast enumeration of satisfying assignments to boolean circuits",
  booktitle =    "Proceedings of the 42th Design Automation Conference, DAC 2005",
  series = 	 "DAC '05",
  editor = 	 "",
  year =         "2005",
  publisher =    "IEEE",
  address = 	 "",
  pages =        "750--753",
  doi = 	 "10.1109/DAC.2005.193911",
  url = 	 "http://dx.doi.org/10.1109/DAC.2005.193911",
  number =	 "",
  month = 	 "",
  organization = "",
  note = 	 "",
}



@Inproceedings{EFFSATUSMCCO,
  author =       "Malay K. Ganai and Aarti Gupta and Pranav Ashar",
  title =        "Efficient sat-based unbounded symbolic model checking using circuit cofactoring",
  booktitle =    "Proceedings of the 2004 International Conference on Computer-Aided Design, ICCAD 2004",
  series = 	 "ICCAD '04",
  editor = 	 "",
  year =         "2004",
  publisher =    "ACM",
  address = 	 "",
  pages =        "510--517",
  doi = 	 "10.1109/ICCAD.2004.1382631",
  url = 	 "http://dx.doi.org/10.1109/ICCAD.2004.1382631",
  number =	 "",
  month = 	 "",
  organization = "",
  note = 	 "",
}



@Inproceedings{CONFLICTLEARN,
  author =       "Lintao Zhang and Conor F. Madigan and Matthew W. Moskewicz and Sharad Malik",
  title =        "Efficient Conflict Driven Learning in Boolean Satisfiability Solver",
  booktitle =    "Proceedings of the 2001 International Conference on Computer-Aided Design, ICCAD 2001",
  series = 	 "ICCAD '01",
  editor = 	 "",
  year =         "2001",
  publisher =    "ACM",
  address = 	 "",
  pages =        "279--285",
  doi = 	 "",
  url = 	 "",
  number =	 "",
  month = 	 "",
  organization = "",
  note = 	 "",
}

@Inproceedings{SMCSAT,
  author =       "Armin Biere and Alessandro Cimatti and Edmund M. Clarke and Masahiro Fujita and Yunshan Zhu",
  title =        "Symbolic model checking using sat procedures instead of bdds",
  booktitle =    " Proceedings of the 36th Conference on Design Automation",
  series = 	 "DAC '99",
  editor = 	 "",
  year =         "1999",
  publisher =    "ACM",
  address = 	 "",
  pages =        "317--320",
  doi = 	 "10.1109/DAC.1999.781333",
  url = 	 "http://dx.doi.org/10.1109/DAC.1999.781333",
  number =	 "",
  month = 	 "",
  organization = "",
  note = 	 "",
}






@Inproceedings{InterpBoolFunction,
  author =       "Jie-Hong Roland Jiang, Hsuan-Po Lin, Wei-Lun Hung",
  title =        "Interpolating functions from large Boolean relations",
  booktitle =    " Proceedings of 2009 International Conference on Computer-Aided Design",
  series = 	 "ICCAD '09",
  editor = 	 "",
  year =         "2009",
  publisher =    "IEEE",
  address = 	 "",
  pages =        "779--784",
  number =	 "",
  month = 	 "",
  organization = "",
  note = 	 "",
}


@Incollection{interpNoProof,
  author =       "Hana Chockler and Alexander Ivrii and Arie Matsliah",
  title =        "Computing Interpolants without Proofs",
  series =       "Lecture Notes in Computer Science",
  booktitle =    "  8th International Haifa Verification Conference, HVC 2012",
  publisher =    "Springer-Verlag",
  address =      "Berlin Heidelberg",
  volume = 	 "7857",
  year =         "2012",
  chapter =      "",
  editor = 	 "Armin Biere, Amir Nahir, Tanja E. J. Vos",
  pages =        "72--85",
  doi = 	 "10.1007/978-3-642-39611-3_12",
  url = 	 "http://dx.doi.org/10.1007/978-3-642-39611-3_12",
  edition = 	 "",
  number = 	 "",
  type = 	 "",
  month = 	 "",
  note = 	 "",
}

@Inproceedings{scalableFuncDep,
  author =       "Chih-Chun Lee and Jie-Hong Roland Jiang and Chung-Yang Huang and Alan Mishchenko",
  title =        "Scalable exploration of functional dependency by interpolation and incremental SAT solving",
  booktitle =    " Proceedings of 2007 International Conference on Computer-Aided Design",
  series = 	 "ICCAD '07",
  editor = 	 "",
  year =         "2007",
  publisher =    "IEEE",
  address = 	 "",
  pages =        "227--233",
  number =	 "",
  month = 	 "",
  organization = "",
  note = 	 "",
}

@Inproceedings{Bidecomp,
  author =       "Ruei-Rung Lee and Jie-Hong Roland Jiang and Wei-Lun Hung",
  title =        "Bi-decomposing large Boolean functions via interpolation and satisfiability solving",
  booktitle =    "Proceedings of the 45th Design Automation Conference, DAC 2008",
  series = 	 "DAC '08",
  editor = 	 "",
  year =         "2008",
  publisher =    "IEEE",
  address = 	 "",
  pages =        "636--641",
  doi = 	 "10.1145/1391469.1391634",
  url = 	 "http://dx.doi.org/10.1145/1391469.1391634",
  number =	 "",
  month = 	 "",
  organization = "",
  note = 	 "",
}

@Inproceedings{ecoInterp,
  author =       "Bo-Han Wu and Chun-Ju Yanga and Chung-Yang Huang and Jie-Hong Roland Jiang",
  title =        "A robust functional ECO engine by SAT proof minimization and interpolation techniques",
  booktitle =    " Proceedings of 2010 International Conference on Computer-Aided Design",
  series = 	 "ICCAD '10",
  editor = 	 "",
  year =         "2010",
  publisher =    "ACM",
  address = 	 "",
  pages =        "729--734",
  doi = 	 "10.1109/ICCAD.2010.5654265 ",
  url = 	 "http://dx.doi.org/10.1109/ICCAD.2010.5654265 ",
  number =	 "",
  month = 	 "",
  organization = "",
  note = 	 "",
}

@misc{ABC,
    key         = {Berkeley Logic Synthesis and Verification Group},
    title       = {ABC:A system for sequential synthesis and verification},
    note        = {http://www.eecs.berkeley.edu/alanmi/abc/},
    year        = 2008
}

%%%%%%%%%%
% these come from dbl.
%%%%%%%%%


@article{SATtheory,
  author    = {Martin Davis and
               Hilary Putnam},
  title     = {A Computing Procedure for Quantification Theory},
  journal   = {J. {ACM}},
  volume    = {7},
  number    = {3},
  pages     = {201--215},
  year      = {1960},
  url       = {http://doi.acm.org/10.1145/321033.321034},
  doi       = {10.1145/321033.321034},
  timestamp = {Fri, 29 Feb 2008 08:13:22 +0100},
  biburl    = {http://dblp.uni-trier.de/rec/bib/journals/jacm/DavisP60},
  bibsource = {dblp computer science bibliography, http://dblp.org}
}

@book{HardwareSAT,
  author    = {Gary D. Hachtel and
               Fabio Somenzi},
  title     = {Logic synthesis and verification algorithms},
  publisher = {Springer},
  year      = {2006},
  url       = {http://dx.doi.org/10.1007/0-387-31005-3},
  doi       = {10.1007/0-387-31005-3},
  isbn      = {978-0-387-31004-6},
  timestamp = {Wed, 23 Mar 2011 16:58:38 +0100},
  biburl    = {http://dblp.uni-trier.de/rec/bib/books/daglib/0015994},
  bibsource = {dblp computer science bibliography, http://dblp.org}
}

@inproceedings{softwareSAT,
  author    = {Edmund M. Clarke and
               Orna Grumberg and
               Somesh Jha and
               Yuan Lu and
               Helmut Veith},
  title     = {Counterexample-Guided Abstraction Refinement},
  booktitle = {Computer Aided Verification, 12th International Conference, {CAV}
               2000, Chicago, IL, USA, July 15-19, 2000, Proceedings},
  pages     = {154--169},
  year      = {2000},
  crossref  = {DBLP:conf/cav/2000},
  url       = {http://dx.doi.org/10.1007/10722167_15},
  doi       = {10.1007/10722167_15},
  timestamp = {Tue, 21 Jun 2011 16:38:39 +0200},
  biburl    = {http://dblp.uni-trier.de/rec/bib/conf/cav/ClarkeGJLV00},
  bibsource = {dblp computer science bibliography, http://dblp.org}
}



@inproceedings{cryptoSAT,
  author    = {Mate Soos and
               Karsten Nohl and
               Claude Castelluccia},
  title     = {Extending {SAT} Solvers to Cryptographic Problems},
  booktitle = {Theory and Applications of Satisfiability Testing - {SAT} 2009, 12th
               International Conference, {SAT} 2009, Swansea, UK, June 30 - July
               3, 2009. Proceedings},
  pages     = {244--257},
  year      = {2009},
  crossref  = {DBLP:conf/sat/2009},
  url       = {http://dx.doi.org/10.1007/978-3-642-02777-2_24},
  doi       = {10.1007/978-3-642-02777-2_24},
  timestamp = {Thu, 09 Jul 2009 07:43:48 +0200},
  biburl    = {http://dblp.uni-trier.de/rec/bib/conf/sat/SoosNC09},
  bibsource = {dblp computer science bibliography, http://dblp.org}
}




@inproceedings{Nordugrid,
  author    = {Antti Eero Johannes Hyv{\"{a}}rinen and
               Tommi A. Junttila and
               Ilkka Niemel{\"{a}}},
  title     = {Grid-Based {SAT} Solving with Iterative Partitioning and Clause Learning},
  booktitle = {Principles and Practice of Constraint Programming - {CP} 2011 - 17th
               International Conference, {CP} 2011, Perugia, Italy, September 12-16,
               2011. Proceedings},
  pages     = {385--399},
  year      = {2011},
  crossref  = {DBLP:conf/cp/2011},
  url       = {http://dx.doi.org/10.1007/978-3-642-23786-7_30},
  doi       = {10.1007/978-3-642-23786-7_30},
  timestamp = {Fri, 02 Sep 2011 15:33:27 +0200},
  biburl    = {http://dblp.uni-trier.de/rec/bib/conf/cp/HyvarinenJN11},
  bibsource = {dblp computer science bibliography, http://dblp.org}
}


@article{Tseitin,
author = {G. Tseitin},
title = {{On the complexity of derivations in propositional calculus}},
year = {1983},
masid = {2053004}
}

@inproceedings{c.WANG,
  author    = {Cong Wang and
               Kui Ren and
               Jia Wang},
  title     = {Secure and practical outsourcing of linear programming in cloud computing},
  booktitle = {{INFOCOM} 2011. 30th {IEEE} International Conference on Computer Communications,
               Joint Conference of the {IEEE} Computer and Communications Societies,
               10-15 April 2011, Shanghai, China},
  pages     = {820--828},
  year      = {2011},
  crossref  = {DBLP:conf/infocom/2011},
  url       = {http://dx.doi.org/10.1109/INFCOM.2011.5935305},
  doi       = {10.1109/INFCOM.2011.5935305},
  timestamp = {Sun, 08 Dec 2013 12:19:02 +0100},
  biburl    = {http://dblp.uni-trier.de/rec/bib/conf/infocom/WangRW11},
  bibsource = {dblp computer science bibliography, http://dblp.org}
}


@inproceedings{csLiequivalency,
  author    = {Chu Min Li},
  title     = {Integrating Equivalency Reasoning into Davis-Putnam Procedure},
  booktitle = {Proceedings of the Seventeenth National Conference on Artificial Intelligence
               and Twelfth Conference on on Innovative Applications of Artificial
               Intelligence, July 30 - August 3, 2000, Austin, Texas, {USA.}},
  pages     = {291--296},
  year      = {2000},
  crossref  = {DBLP:conf/aaai/2000},
  url       = {http://www.aaai.org/Library/AAAI/2000/aaai00-045.php},
  timestamp = {Tue, 11 Dec 2012 12:57:22 +0100},
  biburl    = {http://dblp.uni-trier.de/rec/bib/conf/aaai/Li00},
  bibsource = {dblp computer science bibliography, http://dblp.org}
}


@inproceedings{csOstrowski,
  author    = {Richard Ostrowski and
               {\'{E}}ric Gr{\'{e}}goire and
               Bertrand Mazure and
               Lakhdar Sais},
  title     = {Recovering and Exploiting Structural Knowledge from {CNF} Formulas},
  booktitle = {Principles and Practice of Constraint Programming - {CP} 2002, 8th
               International Conference, {CP} 2002, Ithaca, NY, USA, September 9-13,
               2002, Proceedings},
  pages     = {185--199},
  year      = {2002},
  crossref  = {DBLP:conf/cp/2002},
  url       = {http://link.springer.de/link/service/series/0558/bibs/2470/24700185.htm},
  timestamp = {Wed, 09 Oct 2002 09:19:53 +0200},
  biburl    = {http://dblp.uni-trier.de/rec/bib/conf/cp/OstrowskiGMS02},
  bibsource = {dblp computer science bibliography, http://dblp.org}
}

@MISC{csRoy,
    author = {Jarrod A. Roy and Igor L. Markov},
    title = {Restoring Circuit Structure from SAT Instances},
  booktitle = {IWLS 2004},
  pages     = {361–368},
    year = {2004}
}

@inproceedings{csFu,
  author    = {Zhaohui Fu and
               Sharad Malik},
  title     = {Extracting Logic Circuit Structure from Conjunctive Normal Form Descriptions},
  booktitle = {20th International Conference on {VLSI} Design {(VLSI} Design 2007),
               Sixth International Conference on Embedded Systems {(ICES} 2007),
               6-10 January 2007, Bangalore, India},
  pages     = {37--42},
  year      = {2007},
  crossref  = {DBLP:conf/vlsid/2007},
  url       = {http://doi.ieeecomputersociety.org/10.1109/VLSID.2007.81},
  doi       = {10.1109/VLSID.2007.81},
  timestamp = {Mon, 26 Mar 2007 15:13:02 +0200},
  biburl    = {http://dblp.uni-trier.de/rec/bib/conf/vlsid/FuM07},
  bibsource = {dblp computer science bibliography, http://dblp.org}
}

@MISC{Minisat,
    author = {Niklas Sorensson},
    title = {MiniSat-SAT Algorithms and Applications},
  booktitle = {CADE-20}
}

@inproceedings{AMI,
  author    = {Marco Balduzzi and
               Jonas Zaddach and
               Davide Balzarotti and
               Engin Kirda and
               Sergio Loureiro},
  title     = {A security analysis of amazon's elastic compute cloud service},
  booktitle = {Proceedings of the {ACM} Symposium on Applied Computing, {SAC} 2012,
               Riva, Trento, Italy, March 26-30, 2012},
  pages     = {1427--1434},
  year      = {2012},
  crossref  = {DBLP:conf/sac/2012},
  url       = {http://doi.acm.org/10.1145/2245276.2232005},
  doi       = {10.1145/2245276.2232005},
  timestamp = {Fri, 08 Jun 2012 19:37:23 +0200},
  biburl    = {http://dblp.uni-trier.de/rec/bib/conf/sac/BalduzziZBKL12},
  bibsource = {dblp computer science bibliography, http://dblp.org}
}

@inproceedings{InformationLeakageofCloud,
  author    = {Thomas Ristenpart and
               Eran Tromer and
               Hovav Shacham and
               Stefan Savage},
  title     = {Hey, you, get off of my cloud: exploring information leakage in third-party
               compute clouds},
  booktitle = {Proceedings of the 2009 {ACM} Conference on Computer and Communications
               Security, {CCS} 2009, Chicago, Illinois, USA, November 9-13, 2009},
  pages     = {199--212},
  year      = {2009},
  crossref  = {DBLP:conf/ccs/2009},
  url       = {http://doi.acm.org/10.1145/1653662.1653687},
  doi       = {10.1145/1653662.1653687},
  timestamp = {Wed, 25 Nov 2009 10:38:32 +0100},
  biburl    = {http://dblp.uni-trier.de/rec/bib/conf/ccs/RistenpartTSS09},
  bibsource = {dblp computer science bibliography, http://dblp.org}
}

@inproceedings{microgenSAT,
  author    = {Dimitris Achlioptas and
               Carla P. Gomes and
               Henry A. Kautz and
               Bart Selman},
  title     = {Generating Satisfiable Problem Instances},
  booktitle = {Proceedings of the Seventeenth National Conference on Artificial Intelligence
               and Twelfth Conference on on Innovative Applications of Artificial
               Intelligence, July 30 - August 3, 2000, Austin, Texas, {USA.}},
  pages     = {256--261},
  year      = {2000},
  crossref  = {DBLP:conf/aaai/2000},
  url       = {http://www.aaai.org/Library/AAAI/2000/aaai00-039.php},
  timestamp = {Tue, 11 Dec 2012 12:57:22 +0100},
  biburl    = {http://dblp.uni-trier.de/rec/bib/conf/aaai/AchlioptasGKS00},
  bibsource = {dblp computer science bibliography, http://dblp.org}
}


@MISC{genSAT,
    author = {M Jarvisalo},
    title = {Equivalence checking hardware multiplier designs},
  booktitle = {SAT Competition 2007 benchmark description}
}


@inproceedings{OBfuscationd-CNFs,
  author    = {Zvika Brakerski and
               Guy N. Rothblum},
  title     = {Black-box obfuscation for d-CNFs},
  booktitle = {Innovations in Theoretical Computer Science, ITCS'14, Princeton, NJ,
               USA, January 12-14, 2014},
  pages     = {235--250},
  year      = {2014},
  crossref  = {DBLP:conf/innovations/2014},
  url       = {http://doi.acm.org/10.1145/2554797.2554820},
  doi       = {10.1145/2554797.2554820},
  timestamp = {Fri, 14 Feb 2014 17:43:13 +0100},
  biburl    = {http://dblp.uni-trier.de/rec/bib/conf/innovations/BrakerskiR14},
  bibsource = {dblp computer science bibliography, http://dblp.org}
}

@inproceedings{R.Gennaro,
  author    = {Rosario Gennaro and
               Craig Gentry and
               Bryan Parno},
  title     = {Non-interactive Verifiable Computing: Outsourcing Computation to Untrusted
               Workers},
  booktitle = {Advances in Cryptology - {CRYPTO} 2010, 30th Annual Cryptology Conference,
               Santa Barbara, CA, USA, August 15-19, 2010. Proceedings},
  pages     = {465--482},
  year      = {2010},
  crossref  = {DBLP:conf/crypto/2010},
  url       = {http://dx.doi.org/10.1007/978-3-642-14623-7_25},
  doi       = {10.1007/978-3-642-14623-7_25},
  timestamp = {Tue, 17 Aug 2010 15:09:53 +0200},
  biburl    = {http://dblp.uni-trier.de/rec/bib/conf/crypto/GennaroGP10},
  bibsource = {dblp computer science bibliography, http://dblp.org}
}

@inproceedings{HV-grid,
  author    = {Wenliang Du and
               Michael T. Goodrich},
  title     = {Searching for High-Value Rare Events with Uncheatable Grid Computing},
  booktitle = {Applied Cryptography and Network Security, Third International Conference,
               {ACNS} 2005, New York, NY, USA, June 7-10, 2005, Proceedings},
  pages     = {122--137},
  year      = {2005},
  crossref  = {DBLP:conf/acns/2005},
  url       = {http://dx.doi.org/10.1007/11496137_9},
  doi       = {10.1007/11496137_9},
  timestamp = {Wed, 01 Jun 2005 07:58:58 +0200},
  biburl    = {http://dblp.uni-trier.de/rec/bib/conf/acns/DuG05},
  bibsource = {dblp computer science bibliography, http://dblp.org}
}

@article{DBLP:journals/ac/AtallahPRS01,
  author    = {Mikhail J. Atallah and
               Konstantinos N. Pantazopoulos and
               John R. Rice and
               Eugene H. Spafford},
  title     = {Secure outsourcing of scientific computations},
  journal   = {Advances in Computers},
  volume    = {54},
  pages     = {215--272},
  year      = {2001},
  url       = {http://dx.doi.org/10.1016/S0065-2458(01)80019-X},
  doi       = {10.1016/S0065-2458(01)80019-X},
  timestamp = {Fri, 04 Jul 2014 14:36:53 +0200},
  biburl    = {http://dblp.uni-trier.de/rec/bib/journals/ac/AtallahPRS01},
  bibsource = {dblp computer science bibliography, http://dblp.org}
}

@article{DBLP:journals/ijisec/AtallahL05,
  author    = {Mikhail J. Atallah and
               Jiangtao Li},
  title     = {Secure outsourcing of sequence comparisons},
  journal   = {Int. J. Inf. Sec.},
  volume    = {4},
  number    = {4},
  pages     = {277--287},
  year      = {2005},
  url       = {http://dx.doi.org/10.1007/s10207-005-0070-3},
  doi       = {10.1007/s10207-005-0070-3},
  timestamp = {Tue, 29 Oct 2013 12:43:01 +0100},
  biburl    = {http://dblp.uni-trier.de/rec/bib/journals/ijisec/AtallahL05},
  bibsource = {dblp computer science bibliography, http://dblp.org}
}


@inproceedings{DBLP:conf/ctrsa/GolleM01,
  author    = {Philippe Golle and
               Ilya Mironov},
  title     = {Uncheatable Distributed Computations},
  booktitle = {Topics in Cryptology - {CT-RSA} 2001, The Cryptographer's Track at
               {RSA} Conference 2001, San Francisco, CA, USA, April 8-12, 2001, Proceedings},
  pages     = {425--440},
  year      = {2001},
  crossref  = {DBLP:conf/ctrsa/2001},
  url       = {http://dx.doi.org/10.1007/3-540-45353-9_31},
  doi       = {10.1007/3-540-45353-9_31},
  timestamp = {Mon, 27 Jun 2011 17:47:55 +0200},
  biburl    = {http://dblp.uni-trier.de/rec/bib/conf/ctrsa/GolleM01},
  bibsource = {dblp computer science bibliography, http://dblp.org}
}

@inproceedings{DBLP:conf/sp/SzajdaLO03,
  author    = {Doug Szajda and
               Barry G. Lawson and
               Jason Owen},
  title     = {Hardening Functions for Large Scale Distributed Computations},
  booktitle = {2003 {IEEE} Symposium on Security and Privacy (S{\&}P 2003), 11-14
               May 2003, Berkeley, CA, {USA}},
  pages     = {216--224},
  year      = {2003},
  crossref  = {DBLP:conf/sp/2003},
  url       = {http://doi.ieeecomputersociety.org/10.1109/SECPRI.2003.1199338},
  doi       = {10.1109/SECPRI.2003.1199338},
  timestamp = {Wed, 26 Oct 2011 12:00:38 +0200},
  biburl    = {http://dblp.uni-trier.de/rec/bib/conf/sp/SzajdaLO03},
  bibsource = {dblp computer science bibliography, http://dblp.org}
}

@MISC{CloudSMT,
    title = {Paralleling OpenSMT Towards Cloud Computing.http://www.inf.usi.ch/urop-Tsitovich-2-127208.pdf}
}


@MISC{OneSpin,
    title = {Formal in the Cloud OneSpin: New Spin on Cloud Computing.http://www. eejournal.com/archives/articles/20130627-onespin/?printView=true}
}


@inproceedings{obfuscationBible,
  author    = {X.S. Zhang, F.L. He and W.l. Zuo},
  title     = {Theory and Practice of Program Obfuscation},
  booktitle = {Convergence and Hybrid Information Technologies},
  pages     = {426},
  year      = {2010}
}

@inproceedings{Partition,
  author    = {George Karypis and
               Rajat Aggarwal and
               Vipin Kumar and
               Shashi Shekhar},
  title     = {Multilevel Hypergraph Partitioning: Application in {VLSI} Domain},
  booktitle = {{DAC}},
  pages     = {526--529},
  year      = {1997},
  url       = {http://doi.acm.org/10.1145/266021.266273},
  doi       = {10.1145/266021.266273},
  timestamp = {Mon, 16 Dec 2002 10:13:30 +0100},
  biburl    = {http://dblp.uni-trier.de/rec/bib/conf/dac/KarypisAKS97},
  bibsource = {dblp computer science bibliography, http://dblp.org}
}


@inproceedings{DBLP:conf/crypto/BrakerskiR13,
  author    = {Zvika Brakerski and
               Guy N. Rothblum},
  title     = {Obfuscating Conjunctions},
  booktitle = {Advances in Cryptology - {CRYPTO} 2013 - 33rd Annual Cryptology Conference,
               Santa Barbara, CA, USA, August 18-22, 2013. Proceedings, Part {II}},
  pages     = {416--434},
  year      = {2013},
  crossref  = {DBLP:conf/crypto/2013-2},
  url       = {http://dx.doi.org/10.1007/978-3-642-40084-1_24},
  doi       = {10.1007/978-3-642-40084-1_24},
  timestamp = {Wed, 21 Aug 2013 17:36:07 +0200},
  biburl    = {http://dblp.uni-trier.de/rec/bib/conf/crypto/BrakerskiR13},
  bibsource = {dblp computer science bibliography, http://dblp.org}
}

@MISC{Zvika_Brakerski,
    title = {Zvika Brakerski. Cryptographic Methods for the Clouds [Ph.D. Dissertation] Weizmann Institute of Science, 2011.}
}


@inproceedings{DBLP:conf/stoc/Gentry09,
  author    = {Craig Gentry},
  title     = {Fully homomorphic encryption using ideal lattices},
  booktitle = {Proceedings of the 41st Annual {ACM} Symposium on Theory of Computing,
               {STOC} 2009, Bethesda, MD, USA, May 31 - June 2, 2009},
  pages     = {169--178},
  year      = {2009},
  crossref  = {DBLP:conf/stoc/2009},
  url       = {http://doi.acm.org/10.1145/1536414.1536440},
  doi       = {10.1145/1536414.1536440},
  timestamp = {Fri, 05 Jun 2009 09:34:35 +0200},
  biburl    = {http://dblp.uni-trier.de/rec/bib/conf/stoc/Gentry09},
  bibsource = {dblp computer science bibliography, http://dblp.org}
}

@inproceedings{DBLP:conf/IEEEcloud/BrunM12,
  author    = {Yuriy Brun and
               Nenad Medvidovic},
  title     = {Keeping Data Private while Computing in the Cloud},
  booktitle = {2012 {IEEE} Fifth International Conference on Cloud Computing, Honolulu,
               HI, USA, June 24-29, 2012},
  pages     = {285--294},
  year      = {2012},
  crossref  = {DBLP:conf/IEEEcloud/2012},
  url       = {http://dx.doi.org/10.1109/CLOUD.2012.126},
  doi       = {10.1109/CLOUD.2012.126},
  timestamp = {Tue, 22 Jul 2014 17:03:28 +0200},
  biburl    = {http://dblp.uni-trier.de/rec/bib/conf/IEEEcloud/BrunM12},
  bibsource = {dblp computer science bibliography, http://dblp.org}
}


@article{DBLP:journals/ac/AtallahPRS01,
  author    = {Mikhail J. Atallah and
               Konstantinos N. Pantazopoulos and
               John R. Rice and
               Eugene H. Spafford},
  title     = {Secure outsourcing of scientific computations},
  journal   = {Advances in Computers},
  volume    = {54},
  pages     = {215--272},
  year      = {2001},
  url       = {http://dx.doi.org/10.1016/S0065-2458(01)80019-X},
  doi       = {10.1016/S0065-2458(01)80019-X},
  timestamp = {Fri, 04 Jul 2014 14:36:53 +0200},
  biburl    = {http://dblp.uni-trier.de/rec/bib/journals/ac/AtallahPRS01},
  bibsource = {dblp computer science bibliography, http://dblp.org}
}


@inproceedings{DBLP:conf/pst/BenjaminA08,
  author    = {David Benjamin and
               Mikhail J. Atallah},
  title     = {Private and Cheating-Free Outsourcing of Algebraic Computations},
  booktitle = {Sixth Annual Conference on Privacy, Security and Trust, {PST} 2008,
               October 1-3, 2008, Fredericton, New Brunswick, Canada},
  pages     = {240--245},
  year      = {2008},
  crossref  = {DBLP:conf/pst/2008},
  url       = {http://dx.doi.org/10.1109/PST.2008.12},
  doi       = {10.1109/PST.2008.12},
  timestamp = {Wed, 25 Mar 2009 22:24:54 +0100},
  biburl    = {http://dblp.uni-trier.de/rec/bib/conf/pst/BenjaminA08},
  bibsource = {dblp computer science bibliography, http://dblp.org}
}

@inproceedings{DBLP:conf/ccs/AtallahF10,
  author    = {Mikhail J. Atallah and
               Keith B. Frikken},
  title     = {Securely outsourcing linear algebra computations},
  booktitle = {Proceedings of the 5th {ACM} Symposium on Information, Computer and
               Communications Security, {ASIACCS} 2010, Beijing, China, April 13-16,
               2010},
  pages     = {48--59},
  year      = {2010},
  crossref  = {DBLP:conf/ccs/2010asia},
  url       = {http://doi.acm.org/10.1145/1755688.1755695},
  doi       = {10.1145/1755688.1755695},
  timestamp = {Fri, 16 Apr 2010 14:11:03 +0200},
  biburl    = {http://dblp.uni-trier.de/rec/bib/conf/ccs/AtallahF10},
  bibsource = {dblp computer science bibliography, http://dblp.org}
}

@article{DBLP:journals/cacm/Shamir79,
  author    = {Adi Shamir},
  title     = {How to Share a Secret},
  journal   = {Commun. {ACM}},
  volume    = {22},
  number    = {11},
  pages     = {612--613},
  year      = {1979},
  url       = {http://doi.acm.org/10.1145/359168.359176},
  doi       = {10.1145/359168.359176},
  timestamp = {Tue, 07 Jun 2011 16:51:19 +0200},
  biburl    = {http://dblp.uni-trier.de/rec/bib/journals/cacm/Shamir79},
  bibsource = {dblp computer science bibliography, http://dblp.org}
}


@article{DBLP:journals/cacm/RivestSA78,
  author    = {Ronald L. Rivest and
               Adi Shamir and
               Leonard M. Adleman},
  title     = {A Method for Obtaining Digital Signatures and Public-Key Cryptosystems},
  journal   = {Commun. {ACM}},
  volume    = {21},
  number    = {2},
  pages     = {120--126},
  year      = {1978},
  url       = {http://doi.acm.org/10.1145/359340.359342},
  doi       = {10.1145/359340.359342},
  timestamp = {Tue, 07 Jun 2011 16:51:11 +0200},
  biburl    = {http://dblp.uni-trier.de/rec/bib/journals/cacm/RivestSA78},
  bibsource = {dblp computer science bibliography, http://dblp.org}
}


@inproceedings{DBLP:conf/crypto/Gamal84,
  author    = {Taher El Gamal},
  title     = {A Public Key Cryptosystem and a Signature Scheme Based on Discrete
               Logarithms},
  booktitle = {Advances in Cryptology, Proceedings of {CRYPTO} '84, Santa Barbara,
               California, USA, August 19-22, 1984, Proceedings},
  pages     = {10--18},
  year      = {1984},
  crossref  = {DBLP:conf/crypto/1984},
  url       = {http://dx.doi.org/10.1007/3-540-39568-7_2},
  doi       = {10.1007/3-540-39568-7_2},
  timestamp = {Fri, 23 Dec 2011 14:54:25 +0100},
  biburl    = {http://dblp.uni-trier.de/rec/bib/conf/crypto/Gamal84},
  bibsource = {dblp computer science bibliography, http://dblp.org}
}

@inproceedings{DBLP:conf/stoc/GoldwasserM82,
  author    = {Shafi Goldwasser and
               Silvio Micali},
  title     = {Probabilistic Encryption and How to Play Mental Poker Keeping Secret
               All Partial Information},
  booktitle = {Proceedings of the 14th Annual {ACM} Symposium on Theory of Computing,
               May 5-7, 1982, San Francisco, California, {USA}},
  pages     = {365--377},
  year      = {1982},
  crossref  = {DBLP:conf/stoc/STOC14},
  url       = {http://doi.acm.org/10.1145/800070.802212},
  doi       = {10.1145/800070.802212},
  timestamp = {Mon, 17 Oct 2011 17:25:06 +0200},
  biburl    = {http://dblp.uni-trier.de/rec/bib/conf/stoc/GoldwasserM82},
  bibsource = {dblp computer science bibliography, http://dblp.org}
}
@proceedings{DBLP:conf/stoc/STOC14,
  editor    = {Harry R. Lewis and
               Barbara B. Simons and
               Walter A. Burkhard and
               Lawrence H. Landweber},
  title     = {Proceedings of the 14th Annual {ACM} Symposium on Theory of Computing,
               May 5-7, 1982, San Francisco, California, {USA}},
  publisher = {{ACM}},
  year      = {1982},
  isbn      = {0-89791-070-2},
  timestamp = {Mon, 17 Oct 2011 15:55:10 +0200},
  biburl    = {http://dblp.uni-trier.de/rec/bib/conf/stoc/STOC14},
  bibsource = {dblp computer science bibliography, http://dblp.org}
}


@inproceedings{DBLP:conf/eurocrypt/Paillier99,
  author    = {Pascal Paillier},
  title     = {Public-Key Cryptosystems Based on Composite Degree Residuosity Classes},
  booktitle = {Advances in Cryptology - {EUROCRYPT} '99, International Conference
               on the Theory and Application of Cryptographic Techniques, Prague,
               Czech Republic, May 2-6, 1999, Proceeding},
  pages     = {223--238},
  year      = {1999},
  crossref  = {DBLP:conf/eurocrypt/99},
  url       = {http://dx.doi.org/10.1007/3-540-48910-X_16},
  doi       = {10.1007/3-540-48910-X_16},
  timestamp = {Fri, 23 Dec 2011 14:54:26 +0100},
  biburl    = {http://dblp.uni-trier.de/rec/bib/conf/eurocrypt/Paillier99},
  bibsource = {dblp computer science bibliography, http://dblp.org}
}

@inproceedings{DBLP:conf/socialcom/BlantonZF11,
  author    = {Marina Blanton and
               Yihua Zhang and
               Keith B. Frikken},
  title     = {Secure and Verifiable Outsourcing of Large-Scale Biometric Computations},
  booktitle = {PASSAT/SocialCom 2011, Privacy, Security, Risk and Trust (PASSAT),
               2011 {IEEE} Third International Conference on and 2011 {IEEE} Third
               International Conference on Social Computing (SocialCom), Boston,
               MA, USA, 9-11 Oct., 2011},
  pages     = {1185--1191},
  year      = {2011},
  crossref  = {DBLP:conf/socialcom/2011},
  url       = {http://doi.ieeecomputersociety.org/10.1109/PASSAT/SocialCom.2011.13},
  doi       = {10.1109/PASSAT/SocialCom.2011.13},
  timestamp = {Sun, 05 May 2013 11:53:35 +0200},
  biburl    = {http://dblp.uni-trier.de/rec/bib/conf/socialcom/BlantonZF11},
  bibsource = {dblp computer science bibliography, http://dblp.org}
}


@article{DBLP:journals/jsyml/Krajicek97,
  author    = {Jan Kraj{\'{\i}}cek},
  title     = {Interpolation Theorems, Lower Bounds for Proof Systems, and Independence
               Results for Bounded Arithmetic},
  journal   = {J. Symb. Log.},
  volume    = {62},
  number    = {2},
  pages     = {457--486},
  year      = {1997},
  url       = {http://dx.doi.org/10.2307/2275541},
  doi       = {10.2307/2275541},
  timestamp = {Tue, 05 Aug 2014 16:36:02 +0200},
  biburl    = {http://dblp.uni-trier.de/rec/bib/journals/jsyml/Krajicek97},
  bibsource = {dblp computer science bibliography, http://dblp.org}
}


@article{DBLP:journals/concurrency/ChrabakhW07,
  author    = {Wahid Chrabakh and
               Richard Wolski},
  title     = {The GridSAT portal: a Grid Web-based portal for solving satisfiability
               problems using the national cyberinfrastructure},
  journal   = {Concurrency and Computation: Practice and Experience},
  volume    = {19},
  number    = {6},
  pages     = {795--808},
  year      = {2007},
  url       = {http://dx.doi.org/10.1002/cpe.1079},
  doi       = {10.1002/cpe.1079},
  timestamp = {Mon, 26 Nov 2007 13:12:25 +0100},
  biburl    = {http://dblp.uni-trier.de/rec/bib/journals/concurrency/ChrabakhW07},
  bibsource = {dblp computer science bibliography, http://dblp.org}
}

@MISC{Yongzhi_Wang,
    title = {Yongzhi Wang, Jinpeng Wei, Mudhakar Srivatsaywa. CROSS CLOUD MAPREDUCE: A RESULT INTEGRITY CHECK FRAMEWORK ON HYBRID CLOUDS. to appear in International Journal of Cloud Computing (ISSN 2326-7550)}
}

@MISC{Collberg_C,
    title = {Collberg C, Thomborson C, Low D. A Taxonomy of Obfuscating Transformations. Tech. Report, #148, University of Auckland}
}




@inproceedings{DBLP:conf/cc/BatchelderH07,
  author    = {Michael Batchelder and
               Laurie J. Hendren},
  title     = {Obfuscating Java: The Most Pain for the Least Gain},
  booktitle = {Compiler Construction, 16th International Conference, {CC} 2007, Held
               as Part of the Joint European Conferences on Theory and Practice of
               Software, {ETAPS} 2007, Braga, Portugal, March 26-30, 2007, Proceedings},
  pages     = {96--110},
  year      = {2007},
  crossref  = {DBLP:conf/cc/2007},
  url       = {http://dx.doi.org/10.1007/978-3-540-71229-9_7},
  doi       = {10.1007/978-3-540-71229-9_7},
  timestamp = {Tue, 31 Jul 2007 07:45:31 +0200},
  biburl    = {http://dblp.uni-trier.de/rec/bib/conf/cc/BatchelderH07},
  bibsource = {dblp computer science bibliography, http://dblp.org}
}

@MISC{C_Gentry_phd,
    title = {C Gentry. A fully homomorphic encryption scheme. [PhD thesis], Stanford University, 2009.}
}

@inproceedings{DBLP:conf/focs/Yao82b,
  author    = {Andrew Chi{-}Chih Yao},
  title     = {Protocols for Secure Computations (Extended Abstract)},
  booktitle = {23rd Annual Symposium on Foundations of Computer Science, Chicago,
               Illinois, USA, 3-5 November 1982},
  pages     = {160--164},
  year      = {1982},
  crossref  = {DBLP:conf/focs/FOCS23},
  url       = {http://doi.ieeecomputersociety.org/10.1109/SFCS.1982.38},
  doi       = {10.1109/SFCS.1982.38},
  timestamp = {Wed, 19 Oct 2011 17:11:02 +0200},
  biburl    = {http://dblp.uni-trier.de/rec/bib/conf/focs/Yao82b},
  bibsource = {dblp computer science bibliography, http://dblp.org}
}

@inproceedings{DBLP:conf/apweb/QinSKD14,
  author    = {Ying Qin and
               ShengYu Shen and
               Jingzhu Kong and
               Huadong Dai},
  title     = {Cloud-Oriented {SAT} Solver Based on Obfuscating {CNF} Formula},
  booktitle = {Web Technologies and Applications - APWeb 2014 Workshops, SNA, NIS,
               and IoTS, Changsha, China, September 5, 2014. Proceedings},
  pages     = {188--199},
  year      = {2014},
  crossref  = {DBLP:conf/apweb/2014w},
  url       = {http://dx.doi.org/10.1007/978-3-319-11119-3_18},
  doi       = {10.1007/978-3-319-11119-3_18},
  timestamp = {Fri, 12 Sep 2014 07:48:08 +0200},
  biburl    = {http://dblp.uni-trier.de/rec/bib/conf/apweb/QinSKD14},
  bibsource = {dblp computer science bibliography, http://dblp.org}
}

@inproceedings{qyMemocode14,
  author    = {Ying Qin and
               ShengYu Shen and
               Yan Jia },
  title     = {Structure-Aware CNF Obfuscation for Privacy-Preserving SAT Solving},
  booktitle = {Proceedings of the 12th ACM/IEEE International Conference on Formal Methods and Models for System Design},
  pages     = {84--93},
  year      = {2014}
}


@article{DBLP:journals/corr/cond-mat-0111153,
  author    = {Wolfgang Barthel and
               Alexander K. Hartmann and
               Michele Leone and
               Federico Ricci{-}Tersenghi and
               Martin Weigt and
               Riccardo Zecchina},
  title     = {Hiding solutions in random satisfiability problems: {A} statistical
               mechanics approach},
  journal   = {CoRR},
  volume    = {cond-mat/0111153},
  year      = {2001},
  url       = {http://arxiv.org/abs/cond-mat/0111153},
  timestamp = {Mon, 05 Dec 2011 18:05:10 +0100},
  biburl    = {http://dblp.uni-trier.de/rec/bib/journals/corr/cond-mat-0111153},
  bibsource = {dblp computer science bibliography, http://dblp.org}
}


@article{QinTODAES15,
 author = {Ying Qin and ShengYu Shen and QingBo Wu and HuaDong Dai and Yan Jia.},
 title = {Complementary Synthesis for Encoder with Flow Control Mechanism},
 journal = {accepted by ACM Transactions on Design Automation of Electronic Systems},
 publisher = {ACM Press},
}

@article{DBLP:journals/tcs/McMillan05,
  author    = {Kenneth L. McMillan},
  title     = {An interpolating theorem prover},
  journal   = {Theor. Comput. Sci.},
  volume    = {345},
  number    = {1},
  pages     = {101--121},
  year      = {2005},
  url       = {http://dx.doi.org/10.1016/j.tcs.2005.07.003},
  doi       = {10.1016/j.tcs.2005.07.003},
  timestamp = {Tue, 10 Jan 2006 15:37:04 +0100},
  biburl    = {http://dblp.uni-trier.de/rec/bib/journals/tcs/McMillan05},
  bibsource = {dblp computer science bibliography, http://dblp.org}
}


@inproceedings{DBLP:conf/cav/ClarkeGJLV00,
  author    = {Edmund M. Clarke and
               Orna Grumberg and
               Somesh Jha and
               Yuan Lu and
               Helmut Veith},
  title     = {Counterexample-Guided Abstraction Refinement},
  booktitle = {Computer Aided Verification, 12th International Conference, {CAV}
               2000, Chicago, IL, USA, July 15-19, 2000, Proceedings},
  pages     = {154--169},
  year      = {2000},
  crossref  = {DBLP:conf/cav/2000},
  url       = {http://dx.doi.org/10.1007/10722167_15},
  doi       = {10.1007/10722167_15},
  timestamp = {Tue, 21 Jun 2011 16:38:39 +0200},
  biburl    = {http://dblp.uni-trier.de/rec/bib/conf/cav/ClarkeGJLV00},
  bibsource = {dblp computer science bibliography, http://dblp.org}
}



@inproceedings{DBLP:conf/dac/YuanAAP03,
  author    = {Jun Yuan and
               Ken Albin and
               Adnan Aziz and
               Carl Pixley},
  title     = {Constraint synthesis for environment modeling in functional verification},
  booktitle = {Proceedings of the 40th Design Automation Conference, {DAC} 2003,
               Anaheim, CA, USA, June 2-6, 2003},
  pages     = {296--299},
  year      = {2003},
  crossref  = {DBLP:conf/dac/2003},
  url       = {http://doi.acm.org/10.1145/775832.775909},
  doi       = {10.1145/775832.775909},
  timestamp = {Wed, 30 Nov 2011 16:28:52 +0100},
  biburl    = {http://dblp.uni-trier.de/rec/bib/conf/dac/YuanAAP03},
  bibsource = {dblp computer science bibliography, http://dblp.org}
}




@inproceedings{DBLP:conf/fmcad/AmlaM04,
  author    = {Nina Amla and
               Kenneth L. McMillan},
  title     = {A Hybrid of Counterexample-Based and Proof-Based Abstraction},
  booktitle = {Formal Methods in Computer-Aided Design, 5th International Conference,
               {FMCAD} 2004, Austin, Texas, USA, November 15-17, 2004, Proceedings},
  pages     = {260--274},
  year      = {2004},
  crossref  = {DBLP:conf/fmcad/2004},
  url       = {http://dx.doi.org/10.1007/978-3-540-30494-4_19},
  doi       = {10.1007/978-3-540-30494-4_19},
  timestamp = {Mon, 08 Aug 2011 15:21:24 +0200},
  biburl    = {http://dblp.uni-trier.de/rec/bib/conf/fmcad/AmlaM04},
  bibsource = {dblp computer science bibliography, http://dblp.org}
}




@inproceedings{DBLP:conf/cav/McMillan03,
  author    = {Kenneth L. McMillan},
  title     = {Interpolation and SAT-Based Model Checking},
  booktitle = {Computer Aided Verification, 15th International Conference, {CAV}
               2003, Boulder, CO, USA, July 8-12, 2003, Proceedings},
  pages     = {1--13},
  year      = {2003},
  crossref  = {DBLP:conf/cav/2003},
  url       = {http://dx.doi.org/10.1007/978-3-540-45069-6_1},
  doi       = {10.1007/978-3-540-45069-6_1},
  timestamp = {Fri, 22 Nov 2013 12:57:23 +0100},
  biburl    = {http://dblp.uni-trier.de/rec/bib/conf/cav/McMillan03},
  bibsource = {dblp computer science bibliography, http://dblp.org}
}

@MISC{InfiniBand,
  title =        {InfiniBand},
  howpublished = {\url{en.wikipedia.org/wiki/Infiniband}},
}


@MISC{encode6466,
  title =        {64b/66b encoding},
  howpublished = {\url{https://en.wikipedia.org/wiki/64b/66b_encoding}},
}


@MISC{pcie,
  title =        {PCI Express},
  howpublished = {\url{https://en.wikipedia.org/wiki/PCI_Express}},
}

@MISC{nda,
  title =        {Nondeterministic finite automaton},
  howpublished = {\url{https://en.wikipedia.org/wiki/Nondeterministic_finite_automaton}},
}

@MISC{ether100g,
  title =        {IEEE P802.3bj 100 Gb/s Backplane and Copper Cable Task Force},
  howpublished = {\url{www.ieee802.org/3/bj}},
}

@MISC{fc,
  title =        {Fibre Channel},
  howpublished = {\url{http://en.wikipedia.org/wiki/Fibre_Channel}},
}


@MISC{fecopt,
  title =        {Should the FEC be Optional for the NRZ PHY},
  howpublished = {\url{http://www.ieee802.org/3/bj/public/mar12/meghelli_01a_0312.pdf}},
}

@MISC{nrz56g,
  title =        {56G NRZ Measured Test Results},
  howpublished = {\url{http://media.wix.com/ugd/720847_e2386823f3ab4d09aba4a4c2d144a6e7.pdf}},
}

@BOOK{gfbook,
  AUTHOR =       {Mullen, Gary L},
  TITLE =        {Handbook of Finite Fields},
  PUBLISHER =    {CRC Press},
  YEAR =         {2013},
}

@MISC{fec,
  title =        {Forward error correction},
  howpublished = {\url{http://en.wikipedia.org/wiki/Forward_error_correction}},
}


@article{singularbook,
  author    = {Christoph Lossen},
  title     = {Singular: A Computer Algebra System},
  journal   = {Computing in Science and Engineering},
  volume    = {5},
  number    = {4},
  pages     = {45--55},
  year      = {2003},
}



@article{DBLP:journals/tc/Bryant86,
  author    = {Randal E. Bryant},
  title     = {Graph-Based Algorithms for Boolean Function Manipulation},
  journal   = {{IEEE} Trans. Computers},
  volume    = {35},
  number    = {8},
  pages     = {677--691},
  year      = {1986},
  url       = {http://doi.ieeecomputersociety.org/10.1109/TC.1986.1676819},
  doi       = {10.1109/TC.1986.1676819},
  timestamp = {Thu, 27 Oct 2011 17:40:03 +0200},
  biburl    = {http://dblp.uni-trier.de/rec/bib/journals/tc/Bryant86},
  bibsource = {dblp computer science bibliography, http://dblp.org}
}



@inproceedings{DBLP:conf/dac/MoskewiczMZZM01,
  author    = {Matthew W. Moskewicz and
               Conor F. Madigan and
               Ying Zhao and
               Lintao Zhang and
               Sharad Malik},
  title     = {Chaff: Engineering an Efficient {SAT} Solver},
  booktitle = {Proceedings of the 38th Design Automation Conference, {DAC} 2001,
               Las Vegas, NV, USA, June 18-22, 2001},
  pages     = {530--535},
  year      = {2001},
  crossref  = {DBLP:conf/dac/2001},
  url       = {http://doi.acm.org/10.1145/378239.379017},
  doi       = {10.1145/378239.379017},
  timestamp = {Tue, 15 Nov 2011 16:45:56 +0100},
  biburl    = {http://dblp.uni-trier.de/rec/bib/conf/dac/MoskewiczMZZM01},
  bibsource = {dblp computer science bibliography, http://dblp.org}
}



@inproceedings{DBLP:conf/fmcad/LvovLPSE12,
  author    = {Alexey Lvov and
               Luis Alfonso Lastras{-}Monta{\~{n}}o and
               Viresh Paruthi and
               Robert Shadowen and
               Ali El{-}Zein},
  title     = {Formal verification of error correcting circuits using computational
               algebraic geometry},
  booktitle = {Formal Methods in Computer-Aided Design, {FMCAD} 2012, Cambridge,
               UK, October 22-25, 2012},
  pages     = {141--148},
  year      = {2012},
  crossref  = {DBLP:conf/fmcad/2012},
  url       = {http://ieeexplore.ieee.org/xpl/articleDetails.jsp?arnumber=6462566},
  timestamp = {Sat, 27 Sep 2014 18:46:01 +0200},
  biburl    = {http://dblp.uni-trier.de/rec/bib/conf/fmcad/LvovLPSE12},
  bibsource = {dblp computer science bibliography, http://dblp.org}
}

@article{DBLP:journals/fmsd/LvovLTPSE14,
  author    = {Alexey Lvov and
               Luis Alfonso Lastras{-}Monta{\~{n}}o and
               Barry M. Trager and
               Viresh Paruthi and
               Robert Shadowen and
               Ali El{-}Zein},
  title     = {Verification of Galois field based circuits by formal reasoning based
               on computational algebraic geometry},
  journal   = {Formal Methods in System Design},
  volume    = {45},
  number    = {2},
  pages     = {189--212},
  year      = {2014},
  url       = {http://dx.doi.org/10.1007/s10703-014-0206-z},
  doi       = {10.1007/s10703-014-0206-z},
  timestamp = {Thu, 02 Oct 2014 12:33:32 +0200},
  biburl    = {http://dblp.uni-trier.de/rec/bib/journals/fmsd/LvovLTPSE14},
  bibsource = {dblp computer science bibliography, http://dblp.org}
}

@proceedings{DBLP:conf/crypto/1984,
  editor    = {G. R. Blakley and
               David Chaum},
  title     = {Advances in Cryptology, Proceedings of {CRYPTO} '84, Santa Barbara,
               California, USA, August 19-22, 1984, Proceedings},
  series    = {Lecture Notes in Computer Science},
  volume    = {196},
  publisher = {Springer},
  year      = {1985},
  isbn      = {3-540-15658-5},
  timestamp = {Thu, 07 Feb 2002 09:59:41 +0100},
  biburl    = {http://dblp.uni-trier.de/rec/bib/conf/crypto/1984},
  bibsource = {dblp computer science bibliography, http://dblp.org}
}

@proceedings{DBLP:conf/eurocrypt/99,
  editor    = {Jacques Stern},
  title     = {Advances in Cryptology - {EUROCRYPT} '99, International Conference
               on the Theory and Application of Cryptographic Techniques, Prague,
               Czech Republic, May 2-6, 1999, Proceeding},
  series    = {Lecture Notes in Computer Science},
  volume    = {1592},
  publisher = {Springer},
  year      = {1999},
  isbn      = {3-540-65889-0},
  timestamp = {Tue, 30 Apr 2002 07:51:53 +0200},
  biburl    = {http://dblp.uni-trier.de/rec/bib/conf/eurocrypt/99},
  bibsource = {dblp computer science bibliography, http://dblp.org}
}

@proceedings{DBLP:conf/cav/2000,
  editor    = {E. Allen Emerson and
               A. Prasad Sistla},
  title     = {Computer Aided Verification, 12th International Conference, {CAV}
               2000, Chicago, IL, USA, July 15-19, 2000, Proceedings},
  series    = {Lecture Notes in Computer Science},
  volume    = {1855},
  publisher = {Springer},
  year      = {2000},
  isbn      = {3-540-67770-4},
  timestamp = {Thu, 03 Jan 2002 11:54:21 +0100},
  biburl    = {http://dblp.uni-trier.de/rec/bib/conf/cav/2000},
  bibsource = {dblp computer science bibliography, http://dblp.org}
}



@proceedings{DBLP:conf/aaai/2000,
  editor    = {Henry A. Kautz and
               Bruce W. Porter},
  title     = {Proceedings of the Seventeenth National Conference on Artificial Intelligence
               and Twelfth Conference on on Innovative Applications of Artificial
               Intelligence, July 30 - August 3, 2000, Austin, Texas, {USA}},
  publisher = {{AAAI} Press / The {MIT} Press},
  year      = {2000},
  url       = {http://www.aaai.org/Conferences/AAAI/aaai00.php},
  isbn      = {0-262-51112-6},
  timestamp = {Thu, 01 Dec 2011 17:16:20 +0100},
  biburl    = {http://dblp.uni-trier.de/rec/bib/conf/aaai/2000},
  bibsource = {dblp computer science bibliography, http://dblp.org}
}

@proceedings{DBLP:conf/dac/2001,
  title     = {Proceedings of the 38th Design Automation Conference, {DAC} 2001,
               Las Vegas, NV, USA, June 18-22, 2001},
  publisher = {{ACM}},
  year      = {2001},
  url       = {http://dl.acm.org/citation.cfm?id=378239},
  isbn      = {1-58113-297-2},
  timestamp = {Tue, 15 Nov 2011 16:45:56 +0100},
  biburl    = {http://dblp.uni-trier.de/rec/bib/conf/dac/2001},
  bibsource = {dblp computer science bibliography, http://dblp.org}
}


@proceedings{DBLP:conf/ctrsa/2001,
  editor    = {David Naccache},
  title     = {Topics in Cryptology - {CT-RSA} 2001, The Cryptographer's Track at
               {RSA} Conference 2001, San Francisco, CA, USA, April 8-12, 2001, Proceedings},
  series    = {Lecture Notes in Computer Science},
  volume    = {2020},
  publisher = {Springer},
  year      = {2001},
  isbn      = {3-540-41898-9},
  timestamp = {Thu, 03 Jan 2002 11:56:00 +0100},
  biburl    = {http://dblp.uni-trier.de/rec/bib/conf/ctrsa/2001},
  bibsource = {dblp computer science bibliography, http://dblp.org}
}

@proceedings{DBLP:conf/cp/2002,
  editor    = {Pascal Van Hentenryck},
  title     = {Principles and Practice of Constraint Programming - {CP} 2002, 8th
               International Conference, {CP} 2002, Ithaca, NY, USA, September 9-13,
               2002, Proceedings},
  series    = {Lecture Notes in Computer Science},
  volume    = {2470},
  publisher = {Springer},
  year      = {2002},
  isbn      = {3-540-44120-4},
  timestamp = {Wed, 09 Oct 2002 09:19:53 +0200},
  biburl    = {http://dblp.uni-trier.de/rec/bib/conf/cp/2002},
  bibsource = {dblp computer science bibliography, http://dblp.org}
}




@proceedings{DBLP:conf/sp/2003,
  title     = {2003 {IEEE} Symposium on Security and Privacy (S{\&}P 2003), 11-14
               May 2003, Berkeley, CA, {USA}},
  publisher = {{IEEE} Computer Society},
  year      = {2003},
  isbn      = {0-7695-1940-7},
  timestamp = {Tue, 01 Jul 2003 11:02:59 +0200},
  biburl    = {http://dblp.uni-trier.de/rec/bib/conf/sp/2003},
  bibsource = {dblp computer science bibliography, http://dblp.org}
}


@proceedings{DBLP:conf/dac/2003,
  title     = {Proceedings of the 40th Design Automation Conference, {DAC} 2003,
               Anaheim, CA, USA, June 2-6, 2003},
  publisher = {{ACM}},
  year      = {2003},
  url       = {http://dl.acm.org/citation.cfm?id=775832},
  isbn      = {1-58113-688-9},
  timestamp = {Wed, 30 Nov 2011 16:28:52 +0100},
  biburl    = {http://dblp.uni-trier.de/rec/bib/conf/dac/2003},
  bibsource = {dblp computer science bibliography, http://dblp.org}
}

@proceedings{DBLP:conf/cav/2003,
  editor    = {Warren A. Hunt Jr. and
               Fabio Somenzi},
  title     = {Computer Aided Verification, 15th International Conference, {CAV}
               2003, Boulder, CO, USA, July 8-12, 2003, Proceedings},
  series    = {Lecture Notes in Computer Science},
  volume    = {2725},
  publisher = {Springer},
  year      = {2003},
  isbn      = {3-540-40524-0},
  timestamp = {Thu, 09 Oct 2003 12:34:44 +0200},
  biburl    = {http://dblp.uni-trier.de/rec/bib/conf/cav/2003},
  bibsource = {dblp computer science bibliography, http://dblp.org}
}


@proceedings{DBLP:conf/fmcad/2004,
  editor    = {Alan J. Hu and
               Andrew K. Martin},
  title     = {Formal Methods in Computer-Aided Design, 5th International Conference,
               {FMCAD} 2004, Austin, Texas, USA, November 15-17, 2004, Proceedings},
  series    = {Lecture Notes in Computer Science},
  volume    = {3312},
  publisher = {Springer},
  year      = {2004},
  isbn      = {3-540-23738-0},
  timestamp = {Thu, 24 Apr 2008 11:56:50 +0200},
  biburl    = {http://dblp.uni-trier.de/rec/bib/conf/fmcad/2004},
  bibsource = {dblp computer science bibliography, http://dblp.org}
}


@proceedings{DBLP:conf/acns/2005,
  editor    = {John Ioannidis and
               Angelos D. Keromytis and
               Moti Yung},
  title     = {Applied Cryptography and Network Security, Third International Conference,
               {ACNS} 2005, New York, NY, USA, June 7-10, 2005, Proceedings},
  series    = {Lecture Notes in Computer Science},
  volume    = {3531},
  year      = {2005},
  isbn      = {3-540-26223-7},
  timestamp = {Wed, 01 Jun 2005 07:58:58 +0200},
  biburl    = {http://dblp.uni-trier.de/rec/bib/conf/acns/2005},
  bibsource = {dblp computer science bibliography, http://dblp.org}
}

@proceedings{DBLP:conf/vlsid/2007,
  title     = {20th International Conference on {VLSI} Design {(VLSI} Design 2007),
               Sixth International Conference on Embedded Systems {(ICES} 2007),
               6-10 January 2007, Bangalore, India},
  publisher = {{IEEE} Computer Society},
  year      = {2007},
  isbn      = {0-7695-2502-4},
  timestamp = {Mon, 26 Mar 2007 15:13:02 +0200},
  biburl    = {http://dblp.uni-trier.de/rec/bib/conf/vlsid/2007},
  bibsource = {dblp computer science bibliography, http://dblp.org}
}


@proceedings{DBLP:conf/cc/2007,
  editor    = {Shriram Krishnamurthi and
               Martin Odersky},
  title     = {Compiler Construction, 16th International Conference, {CC} 2007, Held
               as Part of the Joint European Conferences on Theory and Practice of
               Software, {ETAPS} 2007, Braga, Portugal, March 26-30, 2007, Proceedings},
  series    = {Lecture Notes in Computer Science},
  volume    = {4420},
  publisher = {Springer},
  year      = {2007},
  isbn      = {978-3-540-71228-2},
  timestamp = {Tue, 31 Jul 2007 07:45:31 +0200},
  biburl    = {http://dblp.uni-trier.de/rec/bib/conf/cc/2007},
  bibsource = {dblp computer science bibliography, http://dblp.org}
}

@proceedings{DBLP:conf/pst/2008,
  editor    = {Larry Korba and
               Steve Marsh and
               Reihaneh Safavi{-}Naini},
  title     = {Sixth Annual Conference on Privacy, Security and Trust, {PST} 2008,
               October 1-3, 2008, Fredericton, New Brunswick, Canada},
  publisher = {{IEEE}},
  year      = {2008},
  isbn      = {978-0-7695-3390-2},
  timestamp = {Wed, 25 Mar 2009 22:24:54 +0100},
  biburl    = {http://dblp.uni-trier.de/rec/bib/conf/pst/2008},
  bibsource = {dblp computer science bibliography, http://dblp.org}
}

@proceedings{DBLP:conf/ccs/2009,
  editor    = {Ehab Al{-}Shaer and
               Somesh Jha and
               Angelos D. Keromytis},
  title     = {Proceedings of the 2009 {ACM} Conference on Computer and Communications
               Security, {CCS} 2009, Chicago, Illinois, USA, November 9-13, 2009},
  publisher = {{ACM}},
  year      = {2009},
  isbn      = {978-1-60558-894-0},
  timestamp = {Wed, 25 Nov 2009 10:26:38 +0100},
  biburl    = {http://dblp.uni-trier.de/rec/bib/conf/ccs/2009},
  bibsource = {dblp computer science bibliography, http://dblp.org}
}

@proceedings{DBLP:conf/sat/2009,
  editor    = {Oliver Kullmann},
  title     = {Theory and Applications of Satisfiability Testing - {SAT} 2009, 12th
               International Conference, {SAT} 2009, Swansea, UK, June 30 - July
               3, 2009. Proceedings},
  series    = {Lecture Notes in Computer Science},
  volume    = {5584},
  publisher = {Springer},
  year      = {2009},
  url       = {http://dx.doi.org/10.1007/978-3-642-02777-2},
  doi       = {10.1007/978-3-642-02777-2},
  isbn      = {978-3-642-02776-5},
  timestamp = {Thu, 09 Jul 2009 07:41:51 +0200},
  biburl    = {http://dblp.uni-trier.de/rec/bib/conf/sat/2009},
  bibsource = {dblp computer science bibliography, http://dblp.org}
}
@proceedings{DBLP:conf/stoc/2009,
  editor    = {Michael Mitzenmacher},
  title     = {Proceedings of the 41st Annual {ACM} Symposium on Theory of Computing,
               {STOC} 2009, Bethesda, MD, USA, May 31 - June 2, 2009},
  publisher = {{ACM}},
  year      = {2009},
  isbn      = {978-1-60558-506-2},
  timestamp = {Fri, 05 Jun 2009 09:31:27 +0200},
  biburl    = {http://dblp.uni-trier.de/rec/bib/conf/stoc/2009},
  bibsource = {dblp computer science bibliography, http://dblp.org}
}

@proceedings{DBLP:conf/ccs/2010asia,
  editor    = {Dengguo Feng and
               David A. Basin and
               Peng Liu},
  title     = {Proceedings of the 5th {ACM} Symposium on Information, Computer and
               Communications Security, {ASIACCS} 2010, Beijing, China, April 13-16,
               2010},
  publisher = {{ACM}},
  year      = {2010},
  isbn      = {978-1-60558-936-7},
  timestamp = {Fri, 16 Apr 2010 13:56:45 +0200},
  biburl    = {http://dblp.uni-trier.de/rec/bib/conf/ccs/2010asia},
  bibsource = {dblp computer science bibliography, http://dblp.org}
}

@proceedings{DBLP:conf/crypto/2010,
  editor    = {Tal Rabin},
  title     = {Advances in Cryptology - {CRYPTO} 2010, 30th Annual Cryptology Conference,
               Santa Barbara, CA, USA, August 15-19, 2010. Proceedings},
  series    = {Lecture Notes in Computer Science},
  volume    = {6223},
  publisher = {Springer},
  year      = {2010},
  url       = {http://dx.doi.org/10.1007/978-3-642-14623-7},
  doi       = {10.1007/978-3-642-14623-7},
  isbn      = {978-3-642-14622-0},
  timestamp = {Tue, 17 Aug 2010 15:08:02 +0200},
  biburl    = {http://dblp.uni-trier.de/rec/bib/conf/crypto/2010},
  bibsource = {dblp computer science bibliography, http://dblp.org}
}
@proceedings{DBLP:conf/cp/2011,
  editor    = {Jimmy Ho{-}Man Lee},
  title     = {Principles and Practice of Constraint Programming - {CP} 2011 - 17th
               International Conference, {CP} 2011, Perugia, Italy, September 12-16,
               2011. Proceedings},
  series    = {Lecture Notes in Computer Science},
  volume    = {6876},
  publisher = {Springer},
  year      = {2011},
  url       = {http://dx.doi.org/10.1007/978-3-642-23786-7},
  doi       = {10.1007/978-3-642-23786-7},
  isbn      = {978-3-642-23785-0},
  timestamp = {Fri, 02 Sep 2011 15:32:47 +0200},
  biburl    = {http://dblp.uni-trier.de/rec/bib/conf/cp/2011},
  bibsource = {dblp computer science bibliography, http://dblp.org}
}

@proceedings{DBLP:conf/infocom/2011,
  title     = {{INFOCOM} 2011. 30th {IEEE} International Conference on Computer Communications,
               Joint Conference of the {IEEE} Computer and Communications Societies,
               10-15 April 2011, Shanghai, China},
  publisher = {{IEEE}},
  year      = {2011},
  timestamp = {Fri, 01 Jul 2011 08:34:53 +0200},
  biburl    = {http://dblp.uni-trier.de/rec/bib/conf/infocom/2011},
  bibsource = {dblp computer science bibliography, http://dblp.org}
}
@proceedings{DBLP:conf/socialcom/2011,
  title     = {PASSAT/SocialCom 2011, Privacy, Security, Risk and Trust (PASSAT),
               2011 {IEEE} Third International Conference on and 2011 {IEEE} Third
               International Conference on Social Computing (SocialCom), Boston,
               MA, USA, 9-11 Oct., 2011},
  publisher = {{IEEE}},
  year      = {2011},
  url       = {http://ieeexplore.ieee.org/xpl/mostRecentIssue.jsp?punumber=6112285},
  isbn      = {978-1-4577-1931-8},
  timestamp = {Sun, 05 May 2013 11:53:35 +0200},
  biburl    = {http://dblp.uni-trier.de/rec/bib/conf/socialcom/2011},
  bibsource = {dblp computer science bibliography, http://dblp.org}
}
@proceedings{DBLP:conf/IEEEcloud/2012,
  editor    = {Rong Chang},
  title     = {2012 {IEEE} Fifth International Conference on Cloud Computing, Honolulu,
               HI, USA, June 24-29, 2012},
  publisher = {{IEEE}},
  year      = {2012},
  url       = {http://ieeexplore.ieee.org/xpl/mostRecentIssue.jsp?punumber=6253102},
  isbn      = {978-1-4673-2892-0},
  timestamp = {Wed, 29 Aug 2012 17:38:30 +0200},
  biburl    = {http://dblp.uni-trier.de/rec/bib/conf/IEEEcloud/2012},
  bibsource = {dblp computer science bibliography, http://dblp.org}
}
@proceedings{DBLP:conf/sac/2012,
  editor    = {Sascha Ossowski and
               Paola Lecca},
  title     = {Proceedings of the {ACM} Symposium on Applied Computing, {SAC} 2012,
               Riva, Trento, Italy, March 26-30, 2012},
  publisher = {{ACM}},
  year      = {2012},
  url       = {http://dl.acm.org/citation.cfm?id=2245276},
  isbn      = {978-1-4503-0857-1},
  timestamp = {Fri, 08 Jun 2012 17:50:20 +0200},
  biburl    = {http://dblp.uni-trier.de/rec/bib/conf/sac/2012},
  bibsource = {dblp computer science bibliography, http://dblp.org}
}

@proceedings{DBLP:conf/fmcad/2012,
  editor    = {Gianpiero Cabodi and
               Satnam Singh},
  title     = {Formal Methods in Computer-Aided Design, {FMCAD} 2012, Cambridge,
               UK, October 22-25, 2012},
  publisher = {{IEEE}},
  year      = {2012},
  url       = {http://ieeexplore.ieee.org/xpl/mostRecentIssue.jsp?punumber=6450168},
  timestamp = {Fri, 15 Mar 2013 09:40:03 +0100},
  biburl    = {http://dblp.uni-trier.de/rec/bib/conf/fmcad/2012},
  bibsource = {dblp computer science bibliography, http://dblp.org}
}



@proceedings{DBLP:conf/crypto/2013-2,
  editor    = {Ran Canetti and
               Juan A. Garay},
  title     = {Advances in Cryptology - {CRYPTO} 2013 - 33rd Annual Cryptology Conference,
               Santa Barbara, CA, USA, August 18-22, 2013. Proceedings, Part {II}},
  series    = {Lecture Notes in Computer Science},
  volume    = {8043},
  publisher = {Springer},
  year      = {2013},
  url       = {http://dx.doi.org/10.1007/978-3-642-40084-1},
  doi       = {10.1007/978-3-642-40084-1},
  isbn      = {978-3-642-40083-4},
  timestamp = {Wed, 21 Aug 2013 17:31:44 +0200},
  biburl    = {http://dblp.uni-trier.de/rec/bib/conf/crypto/2013-2},
  bibsource = {dblp computer science bibliography, http://dblp.org}
}



@proceedings{DBLP:conf/innovations/2014,
  editor    = {Moni Naor},
  title     = {Innovations in Theoretical Computer Science, ITCS'14, Princeton, NJ,
               USA, January 12-14, 2014},
  publisher = {{ACM}},
  year      = {2014},
  url       = {http://dl.acm.org/citation.cfm?id=2554797},
  isbn      = {978-1-4503-2698-8},
  timestamp = {Fri, 14 Feb 2014 17:36:37 +0100},
  biburl    = {http://dblp.uni-trier.de/rec/bib/conf/innovations/2014},
  bibsource = {dblp computer science bibliography, http://dblp.org}
}


@proceedings{DBLP:conf/apweb/2014w,
  editor    = {Weihong Han and
               Zi Huang and
               Changjun Hu and
               Hongli Zhang and
               Li Guo},
  title     = {Web Technologies and Applications - APWeb 2014 Workshops, SNA, NIS,
               and IoTS, Changsha, China, September 5, 2014. Proceedings},
  series    = {Lecture Notes in Computer Science},
  volume    = {8710},
  publisher = {Springer},
  year      = {2014},
  url       = {http://dx.doi.org/10.1007/978-3-319-11119-3},
  doi       = {10.1007/978-3-319-11119-3},
  isbn      = {978-3-319-11118-6},
  timestamp = {Thu, 11 Sep 2014 14:25:29 +0200},
  biburl    = {http://dblp.uni-trier.de/rec/bib/conf/apweb/2014w},
  bibsource = {dblp computer science bibliography, http://dblp.org}
}










@proceedings{DBLP:conf/focs/FOCS23,
  title     = {23rd Annual Symposium on Foundations of Computer Science, Chicago,
               Illinois, USA, 3-5 November 1982},
  publisher = {{IEEE} Computer Society},
  year      = {1982},
  timestamp = {Tue, 18 Oct 2011 17:44:36 +0200},
  biburl    = {http://dblp.uni-trier.de/rec/bib/conf/focs/FOCS23},
  bibsource = {dblp computer science bibliography, http://dblp.org}
}
