@electronic{IEEE80211N,
  author        = "Chris Kozup",
  title         = "Is 802.11n Right for You?",
  url           = "http://blogs.cisco.com/wireless/comments/is_80211n_right_for_you/",
  year          = "2008"
}

@electronic{BRHDVD,
  author        = "Stephen J. Dubner",
  title         = "What Are the Lessons of the Blu-Ray/HD-DVD Battle? A Freakonomics Quorum",
  url           = "http://freakonomics.blogs.nytimes.com/2008/03/04/what-are-the-lessons-of-the-blu-rayhd-dvd-battle-a-freakonomics-quorum/",
  year          = "2008"
}

@electronic{CoreGen,
  author        = "Xilinx",
  title         = "Xilinx Core Generator System",
  url           = "http://www.xilinx.com/tools/coregen.htm",
  year          = "2008"
}

@electronic{DesignWare,
  author        = "Synopsys",
  title         = "DesignWare Library",
  url           = "http://www.synopsys.com/IP/DESIGNWARE/Pages/default.aspx",
  year          = "2008"
}




@inproceedings{CHAFF,
  author        = "Matthew W. Moskewicz and Conor F. Madigan and Ying Zhao and Lintao Zhang and Sharad Malik",
  title         = "Chaff: Engineering an Efficient SAT Solver",
  booktitle     = "Proc. {IEEE} International Design Automation Conference ({DAC}'01)",
  address       = "Las Vegas, NV, USA",
  month         = jun,
  year          = "2001",
  pages         = "530-535"
}

@inproceedings{BERKMIN,
  author        = "Evguenii I. Goldberg and Yakov Novikov",
  title         = "BerkMin: A Fast and Robust Sat-Solver",
  booktitle     = "Proc. {IEEE} Design, Automation and Test in Europe Conference and Exposition ({DATE}'02)",
  address       = "Paris, France",
  month         = mar,
  year          = "2002",
  pages         = "142-149"
}

@inproceedings{EXTSAT,
  author        = "xxxx",
  title         = "Extensible SAT-solver",
  booktitle     = "Proc. International Conference on Theory and Applications of Satisfiability Testing ({SAT}'03)",
  address       = "Santa Margherita Ligure, Italy",
  month         = may,
  year          = "2003",
  pages         = "502-518"
}

@inproceedings{VERPROOF,
  author        = "Evguenii I. Goldberg and Yakov Novikov",
  title         = "Verification of Proofs of Unsatisfiability for CNF Formulas",
  booktitle     = "Proc. {IEEE} Design, Automation and Test in Europe Conference and Exposition ({DATE}'03)",
  address       = "Munich, Germany",
  month         = mar,
  year          = "2003",
  pages         = "10886-10891"
}

@inproceedings{VALIDSAT,
  author        = "Lintao Zhang and Sharad Malik",
  title         = "Validating SAT Solvers Using an Independent Resolution-Based Checker: Practical Implementations and Other Applications",
  booktitle     = "Proc. {IEEE} Design, Automation and Test in Europe Conference and Exposition ({DATE}'03)",
  address       = "Munich, Germany",
  month         = mar,
  year          = "2003",
  pages         = "10880-10885"
}

@inproceedings{SATLOGICMIN,
  author        = "Samir Sapra and Michael Theobald and Edmund M. Clarke",
  title         = "SAT-Based Algorithms for Logic Minimization",
  booktitle     = "Proc. {IEEE} International Conference on Computer Design ({ICCD}'03)",
  address       = "San Jose, CA, USA",
  month         = oct,
  year          = "2003",
  pages         = "510-519"
}

@inproceedings{PRIMECLAUSE,
  author        = "HoonSang Jin and Fabio Somenzi",
  title         = "Prime clauses for fast enumeration of satisfying assignments to boolean circuits",
  booktitle     = "Proc. {IEEE} International Design Automation Conference ({DAC}'05)",
  address       = "San Diego, CA, USA",
  month         = jun,
  year          = "2005",
  pages         = "750-753"
}

@inproceedings{SATUNBMC,
  author        = "Kenneth L. McMillan",
  title         = "Applying SAT Methods in Unbounded Symbolic Model Checking",
  booktitle     = "Proc. International Conference on Computer Aided Verification ({CAV}'02)",
  address       = "Copenhagen, Denmark",
  month         = jul,
  year          = "2002",
  pages         = "250-264"
}

@inproceedings{MINASS,
  author        = "Kavita Ravi and Fabio Somenzi",
  title         = "Minimal Assignments for Bounded Model Checking",
  booktitle     = "Proc. International Conference on Tools and Algorithms for the Construction and Analysis of Systems ({TACAS}'04)",
  address       = "Barcelona, Spain",
  month         = mar,
  year          = "2004",
  pages         = "31-45"
}

@inproceedings{EFFCON,
  author        = "HoonSang Jin and HyoJung Han and Fabio Somenzi",
  title         = "Efficient Conflict Analysis for Finding All Satisfying Assignments of a Boolean Circuit",
  booktitle     = "Proc. International Conference on Tools and Algorithms for the Construction and Analysis of Systems ({TACAS}'05)",
  address       = "Edinburgh, UK",
  month         = apr,
  year          = "2005",
  pages         = "287-300"
}

@inproceedings{MINCEX,
  author        = "ShengYu Shen and Ying Qin and Sikun Li",
  title         = "Minimizing Counterexample with Unit Core Extraction and Incremental SAT",
  booktitle     = "Proc. International Conference Verification, Model Checking, and Abstract Interpretation ({VMCAI}'05)",
  address       = "Paris, France",
  month         = jan,
  year          = "2005",
  pages         = "298-312"
}

@inproceedings{MEMEFFALLSAT,
  author        = "Orna Grumberg and Assaf Schuster and Avi Yadgar",
  title         = "Memory Efficient All-Solutions SAT Solver and Its Application for Reachability Analysis",
  booktitle     = "Proc. International Conference Formal Methods in Computer-Aided Design ({FMCAD}'04)",
  address       = "Austin, Texas, USA",
  month         = nov,
  year          = "2004",
  pages         = "275-289"
}

@inproceedings{REPARAM,
  author        = "Pankaj Chauhan and Edmund M. Clarke and Daniel Kroening",
  title         = "A SAT-based algorithm for reparameterization in symbolic simulation",
  booktitle     = "Proc. {IEEE} International Design Automation Conference ({DAC}'04)",
  address       = "San Diego, CA, USA",
  month         = jun,
  year          = "2004",
  pages         = "524-529"
}

@inproceedings{EFFSATUSMCCO,
  author        = "Malay K. Ganai and Aarti Gupta and Pranav Ashar",
  title         = "Efficient SAT-based unbounded symbolic model checking using circuit cofactoring",
  booktitle     = "Proc. {IEEE} International Conference on Computer-Aided Design ({ICCAD}'04)",
  address       = "San Jose, California, USA",
  month         = nov,
  year          = "2004",
  pages         = "510-517"
}

@inproceedings{SMCSAT,
  author        = "Armin Biere and Alessandro Cimatti and Edmund M. Clarke and Masahiro Fujita and Yunshan Zhu",
  title         = "Symbolic Model Checking Using SAT Procedures instead of BDDs",
  booktitle     = "Proc. {IEEE} International Design Automation Conference ({DAC}'99)",
  address       = "New Orleans, LA, USA",
  month         = jun,
  year          = "1999",
  pages         = "317-320"
}



@standard{IEEE80232002,
  title         = "IEEE Standard for Information technology
Telecommunications and information exchange between systems
Local and metropolitan area networks
Specific requirements
Part 3: Carrier Sense Multiple Access with
Collision Detection (CSMA/CD) Access Method
and Physical Layer Specifications
Amendment: Media Access Control (MAC)
Parameters, Physical Layers, and Management
Parameters for 10 Gb/s Operation",
  organization  = "IEEE",
  address       = "",
  number        = "802.3",
  year          = "2002"
}

@standard{PCIESPEC,
  title         = "PCI Express Base Specification Revision 2.1",
  organization  = "PCI Special Interest Group",
  address       = "",
  number        = "",
  year          = "2010"
}

@article{MEALY,
  author        = "Mealy George H",
  title         = "A Method for Synthesizing Sequential Circuits",
  journal       = "Bell Systems Technical Journal",
  volume        = "34",
  month         = jan,
  year          = "1955",
  pages         = "1045-1079"
}



@book{McCluskey,
  author        = "Edward J. McCluskey",
  title         = "Logic Design Principles",
  publisher     = "Prentice-Hall",
  address       = "Englewood Cliffs, NJ, USA",
  year          = "1986"
}



@inproceedings{Scherzo,
  author        = "Olivier Coudert",
  title         = "On Solving Covering Problems",
  booktitle     = "Proc. {IEEE} International Design Automation Conference ({DAC}'96)",
  address       = "Las Vegas, Nevada, USA",
  month         = jun,
  year          = "1996",
  pages         = "197-202"
}

@article{Espresso,
  author        = "Richard L. Rudell and Alberto L. Sangiovanni-Vincentelli",
  title         = "Multiple-Valued Minimization for PLA Optimization",
  journal       = "IEEE Transactions on CAD",
  volume        = "6",
  month         = may,
  year          = "1987",
  pages         = "727-750"
}

@inproceedings{Mod2sum,
  author        = "Philipp W. Besslich and M. Riege",
  title         = "An efficient program for logic synthesis of Mod-2 Sum Expressions",
  booktitle     = "Proc. ({Euro ASIC}'91)",
  address       = "Paris, France",
  month         = ,
  year          = "1991",
  pages         = "136-141"
}


@incollection{ANDEXOR,
  author        = "Tsutomu Sasao",
  editor        = "Tsutomu Sasao",
  title         = "AND-EXOR expressions and their optimization",
  booktitle     = "Logic Synthesis and Optimization",
  publisher     = "Kluwer Academic Publishers",
  address       = "Boston, MA",
  year          = "1993"
}

@article{Reed,
  author        = "Irving S. Reed",
  title         = "A class of multiple-error-correcting codes and their decoding scheme",
  journal       = "IRE Trans. on Info. Theory",
  volume        = "6",
  month         = apr,
  year          = "1954",
  pages         = "48-49"
}

@book{FPRM,
  author        = "Marc Davio",
  title         = "Discrete and switching Functions",
  publisher     = "George and McGraw-Hill",
  address       = "NY",
  year          = "1978"
}

@inproceedings{fastexactFPRM,
  author        = "Andisheh Sarabi and Marek A. Perkowski",
  title         = "Fast Exact and Quasi-Minimal Minimization of Highly Testable Fixed-Polarity AND/XOR Canonical Networks",
  booktitle     = "Proc. {IEEE} International Design Automation Conference ({DAC}'92)",
  address       = "Anaheim, California, USA",
  month         = jun,
  year          = "1992",
  pages         = "30-35"
}

@inproceedings{fastOFDD,
  author        = "Rolf Drechsler and Bernd Becker and Michael Theobald",
  title         = "Fast OFDD based minimization of fixed polarity Reed-Muller expressions",
  booktitle     = "Proc. {IEEE} European Design Automation Conference ({EURO-DAC}'94)",
  address       = "Grenoble, France",
  month         = sep,
  year          = "1994",
  pages         = "2-7"
}

@inproceedings{lowpowerXOR,
  author        = "Unni Narayanan and C. L. Liu",
  title         = "Low power logic synthesis for XOR based circuits",
  booktitle     = "Proc. {IEEE} International Conference on Computer-Aided Design ({ICCAD}'97)",
  address       = "San Jose, California, USA",
  month         = nov,
  year          = "1997",
  pages         = "570-574"
}

@inproceedings{ShegnYuShen:iccad09,
  author        = "ShengYu Shen and JianMin Zhang and Ying Qin and SiKun Li",
  title         = "Synthesizing Complementary Circuits Automatically",
  booktitle     = "Proc. {IEEE} International Conference on Computer-Aided Design ({ICCAD}'09)",
  address       = "San Jose, California, USA",
  month         = nov,
  year          = "2009",
  pages         = "381-388"
}

@inproceedings{Retiming,
  author        = "Charles E. Leiserson and James B. Saxe",
  title         = "Optimizing Synchronous Systems",
  booktitle     = "Proc. {IEEE} Annual Symposium on Foundations of Computer Science ({FOCS}'81)",
  address       = "Nashville, Tennessee, USA",
  month         = oct,
  year          = "1981",
  pages         = "23-36"
}

@inproceedings{FuncXOR,
  author        = "Tomasz S. Czajkowski and Stephen Dean Brown",
  title         = "Functionally linear decomposition and synthesis of logic circuits for FPGAs",
  booktitle     = "Proc. {IEEE} International Design Automation Conference ({DAC}'08)",
  address       = "Anaheim, CA, USA",
  month         = jun,
  year          = "2008",
  pages         = "18-23"
}

@article{RestoreSat,
  author        = "Renato Bruni and Antonio Sassano",
  title         = "Restoring Satisfiability or Maintaining Unsatisfiability by finding small Unsatisfiable Subformulae",
  journal       = "Electronic Notes in Discrete Mathematics",
  volume        = "9",
  month         = jun,
  year          = "2001",
  pages         = "162-173"
}



@inproceedings{AMUSE,
  author        = "Yoonna Oh and Maher N. Mneimneh and Zaher S. Andraus and Karem A. Sakallah and Igor L. Markov",
  title         = "AMUSE: a minimally-unsatisfiable subformula extractor",
  booktitle     = "Proc. {IEEE} International Design Automation Conference ({DAC}'04)",
  address       = "San Diego, CA, USA",
  month         = jun,
  year          = "2004",
  pages         = "518-523"
}

@inproceedings{DOMINSTOR,
  author        = "Roman Gershman and Maya Koifman and Ofer Strichman",
  title         = "Deriving Small Unsatisfiable Cores with Dominators",
  booktitle     = "Proc. International Conference Computer Aided Verification ({CAV}'06)",
  address       = "Seattle, WA, USA",
  month         = aug,
  year          = "2006",
  pages         = "109-122"
}

@inproceedings{MINIMUM,
  author        = "xxxx",
  title         = "On Computing Minimum Unsatisfiable Cores",
  booktitle     = "Proc. International Conference on Theory and Applications of Satisfiability Testing ({SAT}'04)",
  address       = "Vancouver, BC, Canada",
  month         = may,
  year          = "2004",
  pages         = "305-310"
}

@inproceedings{MUP,
  author        = "Jinbo Huang",
  title         = "MUP: a minimal unsatisfiability prover",
  booktitle     = "Proc. {IEEE} Conference on Asia South Pacific Design Automation ({ASPDAC}'05)",
  address       = "Shanghai, China",
  month         = jan,
  year          = "2005",
  pages         = "432-437"
}

@inproceedings{BranchBoundSMU,
  author        = "xxxx",
  title         = "A Branch-and-Bound Algorithm for Extracting Smallest Minimal Unsatisfiable Formulas",
  booktitle     = "Proc. International Conference on Theory and Applications of Satisfiability Testing ({SAT}'05)",
  address       = "St. Andrews, UK",
  month         = jun,
  year          = "2005",
  pages         = "467-474"
}

@article{BranchBoundSMUJ,
  author        = "xxxx",
  title         = "A branch and bound algorithm for extracting smallest minimal unsatisfiable subformulas",
  journal       = "Constraints",
  volume        = "14(4)",
  month         = dec,
  year          = "2009",
  pages         = "415-442"
}

@inproceedings{GreedyGenetic,
  author        = "JianMin Zhang and SiKun Li and ShengYu Shen",
  title         = "Extracting minimum unsatisfiable cores with a greedy genetic algorithm",
  booktitle     = "Proc. Australian Joint Conference on Artificial Intelligence Advances in Artificial Intelligence ({AI}'06)",
  address       = "Hobart, Australia",
  month         = dec,
  year          = "2006",
  pages         = "847-856"
}

@inproceedings{ScalableMU,
  author        = "Nachum Dershowitz and Ziyad Hanna and Alexander Nadel",
  title         = "A Scalable Algorithm for Minimal Unsatisfiable Core Extraction",
  booktitle     = "Proc. International Conference on Theory and Applications of Satisfiability Testing ({SAT}'06)",
  address       = "Seattle, WA, USA",
  month         = aug,
  year          = "2006",
  pages         = "36-41"
}

@inproceedings{Trim,
  author        = "Mark H. Liffiton and Karem A. Sakallah",
  title         = "Searching for Autarkies to Trim Unsatisfiable Clause Sets",
  booktitle     = "Proc. International Conference on Theory and Applications of Satisfiability Testing ({SAT}'08)",
  address       = "Guangzhou, China",
  month         = may,
  year          = "2008",
  pages         = "182-195"
}

@article{LocalMU,
  author        = "xxxx",
  title         = "Local-search Extraction of MUSes",
  journal       = "Constraints",
  volume        = "12(3)",
  month         = sep,
  year          = "2007",
  pages         = "325-344"
}

@article{AlgoMUSC,
  author        = "Mark H. Liffiton and Karem A. Sakallah",
  title         = "Algorithms for Computing Minimal Unsatisfiable Subsets of Constraints",
  journal       = "Journal of Automated Reasoning (JAR)",
  volume        = "40(1)",
  month         = jan,
  year          = "2008",
  pages         = "1-33"
}

@inproceedings{Hitting,
  author        = "James Bailey and Peter J. Stuckey",
  title         = "Discovery of Minimal Unsatisfiable Subsets of Constraints Using Hitting Set Dualization",
  booktitle     = "Proc. International Symposium Practical Aspects of Declarative Languages ({PADL}'05)",
  address       = "Long Beach, CA, USA",
  month         = jan,
  year          = "2005",
  pages         = "174-186"
}

@inproceedings{IterpoFunc,
  author        = "Jie-Hong R. Jiang and Hsuan-Po Lin and Wei-Lun Hung",
  title         = "Interpolating functions from large Boolean relations",
  booktitle     = "Proc. {IEEE} International Conference on Computer-Aided Design ({ICCAD}'09)",
  address       = "San Jose, California, USA",
  month         = jun,
  year          = "2009",
  pages         = "779-784"
}
