@INPROCEEDINGS{ShengYuShen:iccad09,
	AUTHOR = "ShengYu Shen and Jianmin Zhang and Ying Qin and Sikun Li",
	TITLE = "Synthesizing Complementary Circuits Automatically",
	BOOKTITLE = "ICCAD09 Conference Proceedings",
	PAGES = "381-388",
	ORGANIZATION = "IEEE",
	MONTH = "November", 
	YEAR = {2009}	}

@ARTICLE{ShengYuShen:tcad,
	AUTHOR = "ShengYu Shen and Ying Qin and KeFei Wang and LiQuan Xiao and Jianmin Zhang and Sikun Li",
	TITLE = "Synthesizing Complementary Circuits Automatically",
	JOURNAL = "IEEE transaction on CAD of Integrated Circuits and Systems",
	VOLUME = {29},
	NUMBER = {8},
	PAGES = {1191-1202},
	MONTH = "August",
	YEAR = {2010}	}


@INPROCEEDINGS{Cofact,
	AUTHOR = "Malay K. Ganai and Aarti Gupta and Pranav Ashar",
	TITLE = "Efficient SAT-based unbounded symbolic model checking using circuit cofactoring",
	BOOKTITLE = "ICCAD04 Conference Proceedings",
	PAGES = "510-517",
	ORGANIZATION = "IEEE",
	MONTH = "November", 
	YEAR = {2004}	}

@ARTICLE{Craig,
	AUTHOR = "William Craig",
	TITLE = "Linear reasoning: A new form of the Herbrand-Gentzen theorem",
	JOURNAL = "J. Symbolic Logic",
	VOLUME = {22},
	NUMBER = {3},
	PAGES = {250-268},
	YEAR = {1957}	}

@INPROCEEDINGS{EXTSAT,
	AUTHOR = "Niklas Een and Niklas Sorensson",
	TITLE = "An Extensible SAT-solver",
	BOOKTITLE = "SAT03 Conference Proceedings",
	PAGES = "502-518",
	ORGANIZATION = "Springer",
	MONTH = "May", 
	YEAR = {2003}	}

@BOOK{PCIESPEC,
	TITLE = "PCI Express Base Specification Revision 1.0. Download from http://www.pcisig.com"}

@BOOK{IEEE80232002,
	TITLE = "IEEE Standard for Information technology Telecommunications and
  information exchange between systems Local and metropolitan area networks
  Specific requirements Part 3: Carrier Sense Multiple Access with Collision
  Detection (CSMA/CD) Access Method and Physical Layer Specifications
  Amendment: Media Access Control (MAC) Parameters, Physical Layers, and
  Management Parameters for 10 Gb/s Operation, IEEE Std. 802.3, 2002."}

@INPROCEEDINGS{interp_McMillan,
	AUTHOR = "Kenneth L. McMillan",
	TITLE = "Interpolation and SAT-based model checking",
	BOOKTITLE = "CAV03 Conference Proceedings",
	PAGES = "1-13",
	ORGANIZATION = "Springer",
	MONTH = "July", 
	YEAR = {2003}	}

@ARTICLE{MEALY,
	AUTHOR = "George H. Mealy",
	TITLE = "A Method for Synthesizing Sequential Circuits",
	JOURNAL = "Bell Systems Technical Journal",
	VOLUME = {34},
	NUMBER = {5},
	PAGES = {1045-1079},
	YEAR = {1955}	}

@INPROCEEDINGS{RecDiam,
	AUTHOR = "Daniel Kroening and Ofer Strichman",
	TITLE = "Efficient Computation of Recurrence Diameters",
	BOOKTITLE = "VMCAI03 Conference Proceedings",
	PAGES = "298-309",
	ORGANIZATION = "Springer",
	MONTH = "January", 
	YEAR = {2003}	}

@INPROCEEDINGS{ShengYuShen:fmcad10,
	AUTHOR = "ShengYu Shen and Ying Qin and Jianmin Zhang and Sikun Li",
	TITLE = "A Halting Algorithm to Determine the Existence of Decoder",
	BOOKTITLE = "FMCAD10 Conference Proceedings",
	PAGES = "91-100",
	ORGANIZATION = "IEEE",
	MONTH = "October", 
	YEAR = {2010}	}

@INPROCEEDINGS{dim_syn,
	AUTHOR = "Sumit Gulwani",
	TITLE = "Dimensions in program synthesis",
	BOOKTITLE = "PPDP10 Conference Proceedings",
	PAGES = "13-24",
	ORGANIZATION = "ACM",
	MONTH = "July", 
	YEAR = {2010}	}

@INPROCEEDINGS{prog_inv,
	AUTHOR = "Edsger W. Dijkstra",
	TITLE = "Program Inversion",
	BOOKTITLE = "Program Construction 1978 Conference Proceedings",
	PAGES = "54-57",
	YEAR = {1978}	}

@ARTICLE{mtd_autoProginv,
	AUTHOR = "Robert Gl√ºck and Masahiko Kawabe",
	TITLE = "A method for automatic program inversion based on LR(0) parsing",
	JOURNAL = "Fundam. Inf.",
	VOLUME = {66},
	NUMBER = {4},
	PAGES = {367-395},
	MONTH = "November",
	YEAR = {2005}	}

@ARTICLE{prog_inv_rev,
	AUTHOR = "S. Srivastava and S. Gulwani and S. Chaudhuri and J. Foster",
	TITLE = "Program inversion revisited",
	JOURNAL = "Technical Report MSR-TR-2010-34, Microsoft Research",
	YEAR = {2010}	}

@INPROCEEDINGS{converter_date08,
	AUTHOR = "Karin Avnit and Vijay D'Silva and Arcot Sowmya and S. Ramesh and Sri Parameswaran",
	TITLE = "A Formal Approach To The Protocol Converter Problem",
	BOOKTITLE = "DATE08 Conference Proceedings",
	PAGES = "294-299",
	ORGANIZATION = "IEEE",
	MONTH = "March", 
	YEAR = {2008}	}

@INPROCEEDINGS{converter_date09,
	AUTHOR = "Karin Avnit and Arcot Sowmya",
	TITLE = "A formal approach to design space exploration of protocol converters",
	BOOKTITLE = "DATE09 Conference Proceedings",
	PAGES = "129-134",
	ORGANIZATION = "IEEE",
	MONTH = "March", 
	YEAR = {2009}	}





@ARTICLE{bowman:reasoning,
	AUTHOR = "Mic Bowman and Saumya K. Debray and Larry L. Peterson",
	TITLE = "Reasoning About Naming Systems",
	JOURNAL = "ACM Trans. Program. Lang. Syst.",
	VOLUME = {15},
	NUMBER = {5},
	PAGES = {795-825},
	MONTH = "November",
	YEAR = {1993}	}

@ARTICLE{braams:babel,
	AUTHOR = "Johannes Braams",
	TITLE = "Babel, a Multilingual Style-Option System for Use with LaTeX's Standard Document Styles",
	JOURNAL = {TUGboat},
	VOLUME = {12},
	NUMBER = {2},
	PAGES = {291-301},
	MONTH = "June",
	YEAR = {1991}	}

@INPROCEEDINGS{clark:pct,
	AUTHOR = "Malcolm Clark",
	TITLE = "Post Congress Tristesse",
	BOOKTITLE = "TeX90 Conference Proceedings",
	PAGES = "84-89",
	ORGANIZATION = "TeX Users Group",
	MONTH = "March", 
	YEAR = {1991}	}

@ARTICLE{herlihy:methodology,
	AUTHOR = "Maurice Herlihy",
	TITLE = "A Methodology for Implementing Highly Concurrent
	Data Objects",
	JOURNAL = {ACM Trans. Program. Lang. Syst.},
	VOLUME = {15},
	NUMBER = {5},
	PAGES = {745-770},
	MONTH = "November",
	YEAR = {1993}	}

@BOOK{Lamport:LaTeX,
	AUTHOR = "Leslie Lamport",
	TITLE = "LaTeX User's Guide and Document Reference Manual",
	PUBLISHER = "Addison-Wesley Publishing Company",
	ADDRESS = "Reading, Massachusetts",
	YEAR = "1986"	}

@BOOK{salas:calculus,
	AUTHOR = "S.L. Salas and Einar Hille",
	TITLE = "Calculus: One and Several Variable",
	PUBLISHER = "John Wiley and Sons",
	ADDRESS = "New York",
	YEAR = "1978"	}






