@BOOK{IEEE80211N,
	AUTHOR = "Chris Kozup",
	TITLE = "Is 802.11n Right for You? ",
	PUBLISHER = "Mobility blog. Retrieved April 27, 2009, from http://blogs.cisco.com/wireless/comments/is\_80211n\_right\_for\_you/",
	ADDRESS = "",
	YEAR = "2008"	}

@BOOK{BRHDVD,
	AUTHOR = "Stephen J. Dubner",
	TITLE = "What Are the Lessons of the Blu-Ray/HD-DVD Battle? A Freakonomics Quorum",
	PUBLISHER = "The New York Times. Retrieved April 27, 2009, from  http://freakonomics.blogs.nytimes.com/2008/03/04/what-are-the-lessons-of-the-blu-rayhd-dvd-battle-a-freakonomics-quorum/",
	ADDRESS = "",
	YEAR = "2008"	}

@INPROCEEDINGS{CHAFF,
	AUTHOR = "M. Moskewicz, C. F. Madigan, Y. Zhao, L. Zhang, and S. Malik",
	TITLE = "Chaff: Engineering an efficient SAT solver",
	BOOKTITLE = "DAC'01 Conference Proceedings",
	PAGES = "530-535",
	ORGANIZATION = "ACM",
	YEAR = {2001}	}


@INPROCEEDINGS{SATLOGICMIN,
	AUTHOR = "Samir Sapra, Michael Theobald, Edmund M. Clarke",
	TITLE = "SAT-Based Algorithms for Logic Minimization",
	BOOKTITLE = "ICCD'03 Conference Proceedings",
	PAGES = "510-519",
	ORGANIZATION = "IEEE",
	YEAR = {2003}	}

@INPROCEEDINGS{PRIMECLAUSE,
	AUTHOR = "HoonSang Jin , Fabio Somenzi",
	TITLE = "Prime clauses for fast enumeration of satisfying assignments to boolean circuits",
	BOOKTITLE = "DAC'05 Conference Proceedings",
	PAGES = "750-753",
	ORGANIZATION = "ACM",
	YEAR = {2005}	}

@INPROCEEDINGS{SATUNBMC,
	AUTHOR = "K. L. McMillan",
	TITLE = "Applying SAT methods in unbounded symbolic model checking",
	BOOKTITLE = "CAV'02 Conference Proceedings",
	PAGES = "250-264",
	ORGANIZATION = "Springer-Verlag",
	YEAR = {2002}	}

@INPROCEEDINGS{MINASS,
	AUTHOR = "Kavita Ravi, Fabio Somenzi",
	TITLE = "Minimal Assignments for Bounded Model Checking",
	BOOKTITLE = "TACAS'04 Conference Proceedings",
	PAGES = "31-45",
	ORGANIZATION = "Springer-Verlag",
	YEAR = {2004}	}

@INPROCEEDINGS{EFFCON,
	AUTHOR = "H. Jin, H. Han, and F. Somenzi",
	TITLE = "Efficient conflict analysis for finding all satisfying assignments of a Boolean circuit",
	BOOKTITLE = "TACAS'05 Conference Proceedings",
	PAGES = "287-300",
	ORGANIZATION = "Springer-Verlag",
	YEAR = {2005}	}

@INPROCEEDINGS{MINCEX,
	AUTHOR = "ShengYu Shen, Ying Qin, Sikun Li",
	TITLE = "Minimizing Counterexample with Unit Core Extraction and Incremental SAT",
	BOOKTITLE = "VMCAI'05 Conference Proceedings",
	PAGES = "298-312",
	ORGANIZATION = "Springer-Verlag",
	YEAR = {2005}	}

@INPROCEEDINGS{MEMEFFALLSAT,
	AUTHOR = "Orna Grumberg, Assaf Schuster, Avi Yadgar",
	TITLE = "Memory Efficient All-Solutions SAT Solver and Its Application for Reachability Analysis",
	BOOKTITLE = "FMCAD'04 Conference Proceedings",
	PAGES = "275-289",
	ORGANIZATION = "Springer-Verlag",
	YEAR = {2004}	}

@INPROCEEDINGS{REPARAM,
	AUTHOR = "P. P. Chauhan, E. M. Clarke, and D. Kroening",
	TITLE = "A SAT-based algorithm for reparameterization in symbolic simulation",
	BOOKTITLE = "DAC'04 Conference Proceedings",
	PAGES = "524-529",
	ORGANIZATION = "IEEE",
	YEAR = {2004}	}

@INPROCEEDINGS{SMCSAT,
	AUTHOR = "A. Biere, A. Cimatti, E.M. Clarke, M. Fujita, Y. Zhu",
	TITLE = "Symbolic Model Checking using SAT procedures instead of BDDs",
	BOOKTITLE = "DAC'99 Conference Proceedings",
	PAGES = "317-320",
	ORGANIZATION = "IEEE",
	YEAR = {1999}	}


@BOOK{IEEE80232002,
	AUTHOR = "LAN/MAN Standards Committee of the IEEE Computer Society",
	TITLE = "IEEE Std. 802.3ae-2002. Amendment to IEEE Std 802.3-2002",
	PUBLISHER = "IEEE",
	ADDRESS = "",
	YEAR = "2002"	}

@ARTICLE{LOGARTHAUTO,
	AUTHOR = "Alonzo Church",
	TITLE = "Logic, Arithmetic and Automata",
	JOURNAL = "the International Congress of Mathematicians",
	PAGES = {23-35},
	YEAR = {1962}	}

@ARTICLE{SLVSQFSS,
	AUTHOR = "J.R. Buchi and L.H. Landweber",
	TITLE = "Solving sequential conditions by finite-state strategies",
	JOURNAL = "Transaction American Mathematic Society",
	VOLUME = {138},
	PAGES = {295-311},
	YEAR = {1969}	}

@ARTICLE{AUTOINF,
	AUTHOR = "M.O. Rabin",
	TITLE = "Automata on Infinite Objects and Church's Problem",
	JOURNAL = "Regional Conference Series in Mathematics",
	VOLUME = {13},
	YEAR = {1972}	}

@INPROCEEDINGS{DSGSYNTMPLG,
	AUTHOR = "E.M. Clarke and E.A. Emerson",
	TITLE = "Design and synthesis of synchronization skeletons using branching time temporal logic",
	BOOKTITLE = "IBM Workshop on Logics of Programs Proceedings",
	PAGES = "52-71",
	ORGANIZATION = "IBM",
	YEAR = {1981}	}

@ARTICLE{SYNTMPLGSPC,
	AUTHOR = "Z. Manna and P. Wolper",
	TITLE = "Synthesis of communicating processes from temporal logic specifications",
	JOURNAL = "ACM Trans. Prog. Lang. Sys.",
	VOLUME = {6},
	PAGES = {68-93},
	YEAR = {1984}	}

@INPROCEEDINGS{SYNRCTVMD,
	AUTHOR = "A. Pnueli and R. Rosner",
	TITLE = "On the synthesis of a reactive module",
	BOOKTITLE = "Proc. 16th ACM Symp. Princ. of Prog. Lang",
	PAGES = "179-190",
	ORGANIZATION = "ACM",
	YEAR = {1989}	}

@INPROCEEDINGS{CNTLSYNTMDAUTO,
	AUTHOR = "E. Asarin, O. Maler, A. Pnueli, and J. Sifakis",
	TITLE = "Controller synthesis for timed automata",
	BOOKTITLE = "Proceeding of IFAC Symposium on System Structure and Control",
	PAGES = "469-474",
	ORGANIZATION = "Elsevier",
	YEAR = {1998}	}

@ARTICLE{DTMGENGMELTL,
	AUTHOR = "R. Alur and S. La Torre",
	TITLE = "Deterministic generators and games for LTL fragments",
	JOURNAL = "ACM Trans. Comput. Log.",
	VOLUME = {5},
	NUMBER = {1},
	PAGES = {1-25},
	YEAR = {2004}	}

@INPROCEEDINGS{SYNRCTVDES,
	AUTHOR = "N. Piterman, A. Pnueli and Y. Saar",
	TITLE = "Synthesis of Reactive(1) Designs",
	BOOKTITLE = "VMCAI'06 Conference Proceedings",
	PAGES = "364-380",
	ORGANIZATION = "Springer-Verlag",
	YEAR = {2006}	}

@BOOK{CMPLXAUTO,
	AUTHOR = "S. Safra",
	TITLE = "Complexity of Automata on Infinite Objects",
	PUBLISHER = "The Weizmann Institute of Science",
	ADDRESS = "Rehovot, Israel",
	YEAR = "1989"	}

@INPROCEEDINGS{NEWALGSTRGSYN,
	AUTHOR = "Aidan Harding, Mark Ryan, and Pierre-Yves Schobbens",
	TITLE = "A New Algorithm for Strategy Synthesis in LTL Games",
	BOOKTITLE = "TACAS'05 Conference Proceedings",
	PAGES = "477-492",
	ORGANIZATION = "Springer-Verlag",
	YEAR = {2005}	}

@INPROCEEDINGS{SYNCNTLBNDRPN,
	AUTHOR = "Oded Maler, Dejan Nickovic and Amir Pnueli",
	TITLE = "On Synthesizing Controllers from Bounded-Response Properties",
	BOOKTITLE = "CAV'07 Conference Proceedings",
	PAGES = "95-107",
	ORGANIZATION = "Springer-Verlag",
	YEAR = {2007}	}

@INPROCEEDINGS{EFFSATUSMCCO,
	AUTHOR = "M. K. Ganai, A. Gupta, and P. Ashar",
	TITLE = "Efficient SAT-based unbounded symbolic model checking using circuit cofactoring",
	BOOKTITLE = "ICCAD'04 Conference Proceedings",
	PAGES = "510-517",
	ORGANIZATION = "ACM",
	YEAR = {2004}	}

@ARTICLE{MEALY,
	AUTHOR = "Mealy, George H",
	TITLE = "A Method for Synthesizing Sequential Circuits",
	JOURNAL = "Bell Systems Technical Journal",
	VOLUME = {34},
	PAGES = {1045-1079},
	YEAR = {1955}	}



